3264 4882
1460 333 1874 392 ..38-

743 514 886 578 Non
942 514 1099 577 nulli
1153 534 1371 577 versus
1428 513 1654 577 similia
1709 513 2033 597 praebent,
2093 536 2256 599 quae
2315 517 2625 602 pertinent
2680 518 2761 581 ad

578 614 910 679 sacrificia:

674 763 728 828 6)
776 765 910 818 Aen.
946 765 1024 816 IV
1058 762 1153 817 63:
1941 765 2312 833 pecudumque
2347 769 2650 820 reclusis

1020 853 1022 856 ’
1240 848 1546 901 Pectoribus
1581 848 1792 899 inhians
1836 849 2194 916 spirantia
2242 850 2554 903 consul'it
2600 856 2760 905 exta

777 931 868 984 Sil.
904 933 931 984 I
967 929 1092 986 120:
1767 989 1782 1000 x
1936 933 2238 999 raptimque
2274 934 2585 985 recludit

1241 1016 1274 1067 S
1290 1032 1324 1082 p
1341 1015 1399 1065 ir
1412 1032 1445 1066 a
1460 1019 1530 1066 nt
1547 1032 1575 1067 e
1591 1031 1614 1066 s
1650 1020 1797 1067 artus
1832 1029 2053 1081 poscens
2088 1030 2340 1083 responsa
2374 1016 2618 1068 sacerdos

1237 1099 1317 1150 Ac
1352 1098 1645 1165 fugientem
1680 1098 1913 1149 animam
1944 1099 2239 1164 properatis
2275 1100 2561 1150 consulit
2596 1103 2763 1153 extis

674 1179 728 1243 7)
776 1181 910 1234 Aen.
936 1182 1070 1232 VIII
1103 1179 1196 1233 84:
1234 1181 1407 1241 Quam
1430 1181 1550 1247 pius
1572 1180 1784 1235 Aeneas
1809 1181 1934 1232 tibi
1966 1181 2154 1245 enim,
2179 1181 2324 1244 tibi,
2349 1184 2585 1236 maxima
2602 1184 2637 1234 J
2641 1201 2763 1248 unc,

1238 1264 1500 1315 Mactat
1544 1280 1745 1316 sacra
1780 1264 1953 1317 ferens

779 1348 869 1400 Sil.
906 1347 1043 1398 XIII
1080 1344 1203 1398 136:
1245 1347 1538 1409 Mactat,
1573 1346 1714 1410 diva,
1749 1346 2050 1398 tibitibi
2084 1347 2261 1398 enim
2295 1348 2428 1399 haec
2462 1349 2763 1415 gratissima

2427 1447 2628 1484 sacra

677 1513 732 1578 8)
779 1513 914 1566 Aen.
950 1513 1028 1563 VI
1063 1509 1189 1564 258:
1247 1513 1529 1575 Procul,
1567 1529 1612 1576 0,
1648 1513 1896 1579 procul
1931 1515 2039 1565 este
2074 1513 2356 1580 profani

780 1597 871 1648 Sil.
909 1596 1071 1647 XVII
1106 1593 1172 1647 28
1186 1613 1198 1647 z
1240 1595 1308 1647 Et
1354 1612 1388 1662 p
1404 1613 1430 1646 r
1445 1611 1476 1646 o
1491 1611 1519 1647 c
1533 1612 1569 1646 u
1583 1596 1603 1646 1
1650 1595 1791 1658 hinc,
1846 1591 2052 1658 mone0‚‘
2108 1614 2143 1663 p
2158 1613 2185 1647 ι·
2199 1613 2228 1648 o
2244 1598 2355 1648 cul
2409 1599 2552 1660 hinc,
2601 1615 2760 1664 quae-

2027 1695 2253 1745 cumque
2288 1698 2322 1748 p
2340 1682 2631 1735 rosanae

582 1815 762 1888 Quae
810 1812 1001 1877 verba
1046 1811 1232 1875 Silius
1275 1833 1399 1875 non
1440 1812 1506 1875 in
1550 1810 1953 1874 sacrificando
1996 1818 2273 1897 usurpat.

1247 1978 1508 2042 Praeter
1553 1997 1628 2039 ea
1672 1974 2102 2039 conferantur:

744 2119 903 2181 Aen.
917 2117 1013 2180 IV
1037 2119 1154 2179 247
1180 2116 1244 2180 ff.
1264 2155 1348 2163 —
1371 2115 1523 2179 Sil]
1546 2117 1668 2179 202
1691 2114 1754 2178 ff.
1810 2116 1966 2179 Aen.
1989 2115 2118 2179 VII
2145 2119 2178 2180 7
2186 2119 2263 2181 59
2286 2155 2367 2163 --
2387 2118 2604 2182 Si1.111
2628 2122 2766 2184 346.

580 2219 740 2283 Aen.
784 2217 913 2280 VII
938 2219 1057 2280 762
1101 2255 1184 2263 -
1227 2216 1333 2279 Sil.
1362 2216 1460 2279 III
1505 2217 1645 2278 369.
1710 2214 1869 2279 Aen.
1912 2215 2075 2278 VIII
2096 2219 2214 2280 417
2258 2208 2341 2262 ’-
2385 2218 2490 2280 sil.
2520 2218 2646 2282 XV
2670 2224 2767 2284 56.

583 2318 951 2407 etvfortasse
994 2317 1154 2381 Aen.
1196 2316 1229 2379 I
1264 2318 1385 2378 423
1428 2353 1511 2362 —·
1557 2314 1665 2378 Sil.
1707 2315 1772 2378 H
1803 2317 1943 2378 407.
2004 2315 2162 2379 Aen.
2204 2315 2272 2378 II
2318 2319 2640 2382 162-167
2678 2358 2768 2392 ,-

583 2418 690 2483 Sil.
733 2416 898 2482 XIII
940 2419 1204 2481 41—50.

747 2518 810 2600 9)
852 2517 1199 2582 Hannibali
1248 2517 1412 2580 curis
1462 2522 1713 2598 vexato,
1774 2516 1938 2598 quod
1990 2538 2029 2579 a
2071 2513 2270 2580 Fabio
2328 2517 2631 2582 dictatore
2689 2521 2770 2583 ab

582 2619 830 2704 incepto
859 2618 1157 2701 depulsus
1188 2624 1339 2696 erat,
1368 2617 1646 2680 animum
1678 2616 1911 2680 addere
1942 2617 2107 2681 Juno
2137 2616 2388 2680 Annam
2415 2611 2769 2682 Perennam

582 2712 775 2783 iubet.
859 2721 1001 2794 Qua
1033 2740 1126 2783 ·re
1179 2717 1486 2780 adductus
1543 2717 1732 2781 Silius
1788 2737 1899 2802 per
1953 2723 2198 2802 partem
2252 2718 2395 2780 libri
2435 2718 2597 2781 VIII
2647 2741 2771 2783 non

585 2820 885 2903 exiguam
929 2825 1162 2899 narrat,
1209 2837 1330 2899 quo
1374 2817 1556 2880 modo
1602 2817 1838 2880 factum
1881 2817 1978 2897 sit,
2022 2821 2108 2880 ut'
2130 2816 2318 2880 Anna
2361 2820 2646 2900 quamvis
2690 2840 2771 2882 ex

582 2920 936 2983 Poenorum
996 2923 1184 3001 gente
1237 2925 1373 2980 orta
1428 2924 1612 2996 esset,
1670 2916 1839 3001 apud
1894 2915 2210 2980 Romanos
2265 2916 2385 2981 dea
2436 2917 2774 2982 haberetur

586 3026 648 3084 et
721 3020 1044 3083 coleretur.
1148 3019 1458 3082 Auctores
1529 3017 1651 3081 hac
1720 3017 1785 3079 in
1856 3016 2268 3102 descriptione
2340 3024 2589 3081 secutus
2660 3024 2774 3099 est,

585 3118 879 3183 Ovidium
947 3117 1121 3209 (fasti
1188 3117 1288 3181 III
1358 3119 1478 3182 523
1547 3116 1636 3196 ff.)
1712 3122 1775 3179 et
1829 3116 2185 3199 Vergilium
2247 3115 2407 3196 (IV).
2516 3116 2615 3180 De
2683 3118 2775 3181 rei

586 3218 1032 3304 compositione
1088 3218 1283 3281 verba
1335 3217 1489 3280 mihi
1541 3216 1828 3283 facienda
1871 3238 1993 3279 non
2038 3223 2197 3296 sunt,
2240 3217 2387 3301 quia
2431 3218 2665 3300 pariter
2710 3238 2775 3280 se

584 3319 779 3383 habet
851 3318 1018 3404 apud
1081 3317 1435 3402 Vergilium
1507 3324 1570 3381 et
1637 3317 1882 3399 Silium,
1955 3323 2396 3402 praeterquam
2476 3317 2642 3402 quod
2713 3317 2776 3379 in

586 3418 871 3483 Aeneide
929 3418 1190 3482 Didonis
1253 3426 1517 3481 mortem
1582 3423 1771 3500 poeta
1835 3424 2069 3495 narrat,
2141 3417 2205 3479 in
2264 3418 2518 3481 Punicis
2590 3422 2775 3500 poeta

587 3518 841 3582 Annam
862 3518 1210 3582 Hannibali
1245 3525 1606 3581 narrantem
1637 3518 1836 3601 fingit.
1876 3517 1918 3581 J
1921 3538 2022 3580 am
2061 3524 2502 3582 enumerentur
2530 3537 2770 3580 versus:

688 3675 741 3740 1)
790 3678 924 3730 Aen.
961 3678 1041 3728 IV
1075 3675 1196 3729 646:
1241 3678 1561 3730 Conscendit
1594 3677 1882 3728 furibunda
1917 3693 2072 3743 rogos
2106 3692 2391 3741 ensemque
2425 3675 2648 3727 recludit

1234 3761 1583 3822 Dardanium,
1618 3776 1725 3811 non
1760 3760 1857 3810 hos
1894 3759 2190 3825 quaesitum
2225 3774 2417 3809 munus
2450 3758 2506 3809 in
2540 3773 2661 3808 usus

788 3845 878 3896 Sil.
917 3845 1051 3896 VIII
1087 3842 1179 3896 52:
1234 3844 1473 3896 Festinat
1508 3843 1797 3894 furibunda
1831 3859 2035 3909 pyram.
2071 3843 2206 3892 Tum
2241 3842 2456 3908 corripit
2492 3857 2667 3892 ensem

1235 3926 1393 3978 Certa
1428 3925 1589 3988 necis,
1624 3925 1838 3993 profugi
1874 3924 2071 3977 donum
2107 3925 2322 3977 exitiale
2356 3923 2532 3976 mariti

597 4069 703 4152 qui
747 4091 966 4132 versus
1010 4068 1180 4153 apud
1225 4068 1446 4132 Silium
1491 4068 1613 4131 alio
1657 4068 1790 4131 loco
1833 4068 2180 4131 invenitur:

905 4227 1041 4283 VIII
1077 4223 1200 4283 150:
1237 4227 1430 4282 Ensem
1464 4228 1725 4283 Dardanii
1761 4228 2059 4297 quaesitum
2093 4228 2147 4278 in
2183 4227 2375 4296 pignus
2409 4225 2619 4279 amoris.
