3264 4882
1519 375 1928 435 „28-

634 577 745 619 suo
798 556 1045 639 ingenio
1101 554 1447 644 indulserit,
1505 555 1691 619 huius
1747 557 2126 641 quaestionis
2190 580 2311 622 non
2370 567 2463 622 est
2517 560 2811 644 proferre.

631 654 788 718 Mihi
859 655 1026 719 enim
1103 655 1486 740 propositum
1558 663 1652 719 est
1722 657 1990 740 vestigia
2060 657 2344 740 Vergilii,
2414 679 2577 743 quae
2641 659 2810 744 apud

633 755 854 818 Silium
896 754 1297 818 inveniuntur
1324 756 1719 839 perscrutari.
1775 755 1909 819 Silii
1940 756 2192 843 quidem
2223 777 2324 820 ars
2354 757 2811 842 compositionis

632 855 752 918 hac
806 856 868 918 in
926 862 1105 940 parte
1162 855 1568 939 Vergilianas
1621 856 1729 918 vix
1786 857 2002 919 similis
2060 863 2172 919 est.
2255 857 2498 940 Itaque,
2563 863 2633 920 ut
2686 880 2809 922 uno

635 955 926 1040 exemplo
969 962 1128 1034 utar,
1170 955 1331 1018 hanc
1374 977 1496 1019 non
1540 963 1692 1041 puto
1738 978 1873 1020 esse
1905 957 2334 1036 imitationem,
2378 956 2538 1041 quod
2585 956 2809 1043 Scipio,

634 1055 998 1139 priusquam
1042 1054 1122 1118 ad
1165 1076 1379 1118 manes
1422 1055 1757 1135 descendit,
1814 1063 1882 1118 ut
1924 1055 2176 1120 Aeneas
2219 1057 2388 1141 apud
2431 1055 2640 1138 Verg.,
2695 1057 2812 1120 diis

632 1153 846 1218 inferis
918 1176 1095 1218 sacra
1166 1155 1331 1218 facit.
1444 1154 1695 1218 Etenim
1768 1155 1885 1219 hoc
1941 1156 2149 1240 ‘poscit
2220 1163 2503 1220 veterum
2575 1157 2813 1240 religio,

634 1275 838 1339 neque
882 1261 1107 1339 poetae
1150 1254 1354 1335 mod0,
1411 1254 1519 1318 sed
1565 1276 1780 1318 omnes
1823 1255 2151 1336 scriptores
2205 1257 2268 1318 in
2325 1257 2436 1319 tali
2492 1258 2815 1320 occasione

635 1354 713 1417 de
757 1356 879 1417 ritu
923 1355 1144 1418 eadem
1187 1361 1463 1417 narrant.
1526 1354 1704 1418 Idem
1735 1354 1933 1418 sentio
1978 1354 2055 1418 de
2089 1355 2508 1438 ‘descriptione
2538 1358 2815 1424 locorum

635 1459 698 1516 et
740 1454 1124 1535 animalium,
1177 1455 1335 1518 siout
1377 1454 1454 1518 de
1501 1455 1792 1531 Cerber0,
1848 1454 2101 1518 sedibus
2144 1457 2402 1540 piorum,
2456 1458 2816 1521 fluminibus

636 1561 772 1633 etc.,
814 1555 877 1617 in
921 1554 1146 1639 quibus
1203 1553 1389 1617 Silius
1446 1575 1838 1617 communem
1894 1561 2220 1638 poetarum
2274 1577 2510 1620 morem
2566 1564 2814 1621 secutus

637 1661 750 1717 est.
836 1653 1021 1734 Nam,
1094 1676 1255 1738 quae
1325 1654 1595 1735 Vergilii
1662 1654 1915 1739 propria
1994 1662 2136 1717 sunt
2209 1656 2273 1717 in
2350 1658 2814 1741 compositione,

637 1775 712 1816 ea
777 1754 964 1819 Silius
1028 1754 1211 1817 aliter
1268 1754 1551 1817 instituit.
1641 1754 1872 1816 Contra
1936 1755 2298 1838 saepissime
2362 1755 2530 1839 apud
2594 1755 2816 1818 Silium

636 1852 1005 1936 Vergiliana
1058 1853 1254 1916 verba
1309 1854 1596 1937 legimuS,
1655 1853 1880 1936 quibus
1947 1854 2097 1916 satis
2154 1861 2416 1939 apparet
2483 1876 2645 1931 eum,
2700 1855 2816 1917 etsi

638 1953 701 2015 in
745 1953 950 2017 indole
994 1961 1057 2018 et
1099 1953 1501 2036 dispositione
1532 1953 1717 2016 huius
1761 1953 1957 2037 partis
1987 1952 2337 2035 Vergilium
2381 1954 2583 2036 magis
2627 1974 2817 2037 quam
2897 2004 2902 2009 .

639 2053 778 2116 aliis
819 2053 970 2117 locis
1013 2054 1311 2137 neglexit,
1355 2061 1568 2116 tamen
1611 2053 1779 2116 illius
1823 2052 2059 2115 auxilio
2104 2074 2317 2116 carere
2361 2074 2483 2116 non
2525 2054 2818 2138 potuisse.
2880 2036 2887 2044 ²

639 2155 872 2228 Quales
916 2161 1128 2217 autem
1173 2154 1295 2216 sint
1339 2154 1472 2216 eius
1528 2152 1696 2215 modi
1750 2153 2148 2233 imitationeS,
2205 2173 2285 2215 ex
2342 2152 2437 2214 his
2497 2153 2819 2238 exempliS,

639 2275 902 2337 quorum
944 2275 1242 2317 numerus
1284 2253 1504 2335 augeri
1547 2252 1731 2315 facile
1775 2252 1995 2335 potuit,
2038 2252 2472 2333 intellegetur:

811 2353 870 2432 1)
927 2353 1133 2439 Scipio
1189 2359 1251 2416 et
1307 2352 1560 2416 Aeneas
1617 2373 1656 2415 a
1711 2358 1857 2415 vate
1914 2358 2153 2434 petunt,
2211 2358 2281 2414 ut
2337 2372 2401 2413 se
2459 2351 2538 2413 ad
2590 2352 2820 2414 inferos

640 2455 835 2538 patris
877 2454 1117 2519 visendi
1161 2475 1352 2517 causa
1395 2453 1696 2516 deducat:

737 2607 871 2657 Aen.
907 2607 984 2656 VI
1022 2602 1144 2680 lOS:
1216 2606 1300 2655 Ire
1334 2605 1403 2655 ad
1439 2608 1870 2671 conspectum
1907 2603 2016 2654 cari
2051 2603 2302 2670 genitoris
2338 2607 2389 2654 et
2425 2619 2516 2653 ora

1111 2697 1115 2701 '
1212 2687 1596 2754 Contingat

741 2773 831 2823 Sil.
869 2771 1004 2822 XIII
1039 2768 1162 2822 403:
1208 2809 1218 2819 .
1257 2809 1268 2820 .
1305 2809 1316 2820 .
1356 2811 1367 2822 .
1417 2774 1468 2820 et
1520 2770 1887 2837 adspectus
1952 2773 2066 2820 orat
2133 2769 2545 2834 contingere
2611 2771 2822 2833 patrum

1335 2853 1451 2914 (cfr.
1487 2857 1539 2903 et
1572 2850 1710 2914 506.)

809 2979 872 3053 2)
914 2978 1272 3062 Alloquitur
1314 2976 1519 3062 Scipio
1563 2976 1850 3038 umbram
1892 2974 2115 3059 Appii:

743 3122 834 3172 Sil.
867 3117 993 3172 450:
1070 3120 1374 3179 Quisnam
1411 3123 1513 3190 te,
1541 3119 1632 3184 qui
1670 3134 1821 3169 casus
1856 3117 1946 3176 ait,
1983 3117 2091 3167 dux
2131 3116 2374 3177 maxime,
2411 3115 2578 3166 fessae

1074 3203 1355 3269 Eripuit
1390 3203 1594 3269 patriae
1634 3241 1645 3251 .
1685 3241 1695 3251 .
1734 3243 1743 3252 .
1783 3241 1794 3252 .

807 3337 1060 3399 Aeneas
1101 3336 1388 3404 umbram
1429 3335 1739 3398 Palinuri:

743 3487 874 3537 Aen.
911 3482 1035 3535 341:
1073 3523 1480 3537 .........
1518 3485 1686 3543 Quis
1723 3490 1785 3535 te
1823 3484 2089 3545 Palinure,
2126 3483 2340 3534 deorum

1076 3568 1356 3634 Eripuit
1395 3566 1543 3618 nobis
1581 3608 1592 3618 .
1629 3605 1641 3617 .
1680 3605 1741 3618 ..

812 3693 874 3775 3)
914 3693 1012 3756 Ea
1048 3692 1214 3772 sede,
1259 3713 1383 3776 qua
1427 3690 1781 3754 sacerdotes
1826 3696 1887 3754 et
1931 3697 2148 3774 poetas
2180 3689 2416 3753 versari
2460 3688 2628 3767 dicit,
2672 3686 2826 3747 haec

645 3794 1013 3876 Vergiliana
1056 3792 1233 3855 nobis
1277 3797 1636 3855 occurrunt:
2773 3783 2780 3790 ’

747 3935 881 3985 Aen.
913 3932 1039 3985 662:
1110 3975 1154 4011 ,Δ
1161 3971 1517 3986 ........
1555 3936 1606 3983 et
1642 3932 1922 3982 Phoebo
1958 3931 2167 3996 digna
2203 3929 2367 3980 locuti

1111 4019 1445 4067 Inventas
1481 4019 1573 4066 aut
1609 4015 1701 4080 qui
1745 4014 1957 4064 vitam
2000 4014 2380 4064 excoluere
2425 4027 2517 4076 per
2541 4012 2744 4083 *artes

747 4111 838 4163 Sil.
864 4128 910 4161 v,
945 4101 1068 4160 537:
1108 4109 1262 4172 Exin,
1299 4109 1389 4173 qui
1424 4109 1591 4159 laetas
1626 4109 1816 4157 artes
1860 4105 2165 4170 vitaeque
2209 4102 2551 4154 colendae

1112 4193 1452 4244 Invenere
1487 4191 1646 4254 viam,
1683 4205 1803 4241 nec
1841 4186 2289 4254 dedignanda
2325 4184 2530 4252 parenti

1110 4275 1358 4326 Carmina
1393 4274 1643 4326 fuderunt
1678 4272 1970 4324 Phoebo.
