3264 4882
1326 347 1812 408 —31—‘

545 531 600 593 7)
645 532 779 584 Aen.
815 532 869 583 X
902 530 1026 583 625:
1142 531 1450 582 Hactenus
1483 528 1764 581 indulsisse
1798 532 2002 580 vacat

647 615 738 666 Sil.
773 614 934 665 XVII
969 611 1095 665 374:
1145 613 1453 674 Quatenus
1488 610 1768 663 indulsisse
1802 614 2002 662 vacet
2391 682 2396 685 γ

544 696 599 760 8)
645 698 778 750 Aen.
815 697 893 748 IV
929 694 1054 748 135:
1141 697 1256 748 Stat
1286 695 1497 760 sonipes
1533 698 1586 745 et
1616 693 1769 745 frena
1799 693 1949 745 ferox
1985 693 2354 760 spumantia
2388 694 2632 744 mandit

648 780 738 831 Sil.
774 780 824 830 V
861 777 1001 830 1472·
1143 779 1258 830 Stat
1301 777 1510 843 sonipes
1554 780 1879 842 vexatque
1915 776 2065 827 ferox
2101 777 2431 829 humentia
2465 777 2632 829 frena.

545 861 599 925 9)
648 865 782 915 Aen.
818 863 953 921 VIII
993 859 1085 913 61:
1144 863 1398 913 honorem
1433 860 1725 911 Persolves.
1793 859 1905 925 Ego
1942 875 2073 910 sum.
2553 880 2554 883 ¹

649 947 741 998 Sil.
775 946 854 996 IV
887 943 1013 996 738:
1144 945 1412 1011 persolves
1448 981 1460 994 .
1500 983 1511 994 .
1547 981 1559 994 .
1596 943 1839 993 honores.
1907 941 2151 1009 Namque
2187 958 2285 1010 ego
2319 959 2434 994 sum

516 1028 601 1093 10)
649 1029 781 1081 Aen.
815 1028 898 1079 IX
930 1025 1057 1080 724:
1140 1042 1392 1080 converso
1428 1026 1643 1079 cardine
1679 1029 1889 1092 torquet
1925 1023 2165 1076 Obnixus

650 1113 741 1164 Sil.
775 1112 912 1162 XIII
948 1107 1073 1162 251:
1143 1110 1357 1162 cardine
1393 1126 1543 1163 verso
1580 1108 1778 1160 Obnixi
1811 1112 2073 1175 torquent.

614 1260 891 1323 Alterius
948 1259 1196 1341 generis
1251 1280 1470 1322 versus
1529 1279 1652 1321 non
1707 1262 2049 1336 mutantur,
2114 1256 2262 1340 quia
2325 1258 2491 1321 omni
2551 1278 2632 1321 ex

367 1418 373 1423 .
434 1348 628 1446 'parte
671 1359 732 1421 in
778 1359 1151 1422 sententiam
1196 1358 1522 1443 quadrant.
1575 1357 1717 1421 Hoc
1755 1378 1956 1439 genus
1993 1355 2162 1442 apud
2191 1359 2632 1439 poetasmulto

449 1459 649 1522 rarius
691 1459 1000 1544 reperitur
1044 1480 1233 1543 quam
1276 1458 1464 1541 prius.
1549 1456 1739 1542 Apud
1783 1455 2004 1520 Silium
2055 1457 2405 1541 complures
2446 1457 2633 1521 huius

448 1557 696 1641 generis
760 1579 979 1621 versus
1042 1559 1354 1641 leguntur,
1419 1557 1484 1619 in
1549 1556 1775 1641 quibus
1840 1555 2211 1641 recipiendis
2281 1556 2412 1620 sine
2484 1564 2632 1642 apto

447 1656 675 1721 iudicio
746 1658 952 1740 egisse
1021 1657 1284 1721 videtur.
1395 1656 1563 1720 Nam
1644 1677 2027 1741 quamquam
2098 1662 2346 1721 ceterae
2415 1677 2634 1721 versus

450 1763 660 1841 partes
684 1758 785 1820 -ad
829 1757 1087 1821 verbum
1130 1757 1473 1820 translatae
1518 1761 1681 1837 sunt,
1733 1779 1927 1820 unum
1971 1756 2219 1821 omnino
2258 1757 2633 1821 vocabulum

449 1857 717 1921 mutavit
759 1856 946 1941 idque
989 1877 1236 1942 semper
1278 1856 1408 1920 fere
1452 1855 1780 1920 ridiculum
1818 1856 1882 1919 in
1921 1878 2174 1937 morem,
2215 1879 2357 1920 cum
2397 1857 2460 1920 in
2498 1857 2633 1921 eius

448 1958 584 2020 loco
652 1978 1080 2041 synonymum,
1147 1955 1310 2040 quod
1383 1962 1661 2036 vocatur,
1734 1957 1908 2038 ponit
1979 1963 2088 2020 aut
2159 1958 2632 2036 grammaticum

447 2077 773 2119 numerum
816 2056 1077 2119 alicuius
1120 2056 1295 2119 verbi
1337 2061 1683 2140 permutat:

616 2155 674 2234 1)
744 2156 1104 2241 Synonymo
1176 2156 1238 2219 in
1311 2156 1471 2219 alius
1507 2157 1710 2220 mvocis
1787 2157 1920 2220 loco
1990 2158 2190 2243 posito
2261 2157 2631 2241 Vergiliana

446 2248 638 2319 verba
680 2255 902 2319 refert:
2005 2270 2008 2273 ’

547 2421 602 2486 a)
648 2421 782 2476 Aen.
819 2422 953 2473 VIII
987 2418 1079 2475 42:
1148 2440 1214 2477 ne
1250 2439 1425 2475 vana
1460 2425 1613 2491 putes
1648 2423 1782 2475 haec
1815 2423 2015 2492 fingere
2048 2439 2290 2476 somnum

648 2506 738 2558 Sil.
773 2505 909 2556 VIII
945 2503 1068 2558 179:
1150 2523 1216 2558 ne
1251 2507 1435 2558 falsa
1470 2510 1623 2574 putes
1658 2508 1792 2558 haec
1826 2508 2024 2574 fingere
2060 2524 2302 2559 somnum

546 2585 602 2649 b)
645 2589 778 2641 Aen.
814 2589 950 2639 VIII
984 2586 1110 2639 589:
1147 2589 1333 2649 Qualis
1367 2589 1459 2640 ubi
1497 2587 1698 2640 Oceani
1731 2591 2059 2656 perfusus
2094 2591 2309 2642 Lucifer
2342 2590 2486 2642 unda

645 2670 735 2722 Sil.
771 2670 878 2721 VII
912 2668 1038 2722 639:
1142 2670 1327 2730 Qualis
1361 2671 1452 2722 ubi
1490 2670 1692 2722 Oceani
1726 2676 2108 2723 renovatus
2143 2673 2358 2724 Lucifer
2392 2674 2535 2724 unda

553 2751 603 2815 c)
645 2752 780 2805 Aen.
815 2754 842 2803 I
877 2750 936 2805 3:
1138 2754 1292 2805 terris
1327 2754 1553 2805 iactatus
1589 2758 1641 2808 et
1676 2756 1825 2806 alto

648 2835 738 2886 Sil.
773 2835 881 2887 VH
915 2833 1041 2888 474:
1141 2838 1294 2888 terris
1330 2837 1555 2888 iactatus
1590 2840 1644 2888 et
1679 2853 1762 2887 un
1779 2837 1883 2888 dis

544 2916 599 2978 d)
643 2918 777 2970 Aen.
812 2918 893 2969 XI
929 2916 1053 2970 135:
1138 2924 1292 2971 sonat
1326 2920 1470 2971 icta
1505 2919 1723 2987 bipenni

645 3000 735 3052 Sil.
770 3000 823 3051 X
856 2999 981 3053 530:
1134 3006 1287 3054 sonat
1321 3007 1479 3054 acta
1514 3002 1733 3069 bipenni

552 3080 602 3143 e)
646 3083 779 3136 Aen.
816 3084 864 3134 V
899 3081 1022 3135 455:
1139 3085 1273 3136 Tum
1308 3085 1479 3151 pudor
1514 3085 1832 3136 incendit

643 3164 734 3216 Sil.
771 3166 798 3215 Ι
831 3163 957 3217 493;
1137 3167 1272 3217 Tum
1307 3168 1479 3233 pudor
1513 3168 1856 3220 accendit.

564 3244 608 3307 f)
642 3246 945 3300 AemVIII
980 3246 1103 3300 154:
1139 3254 1210 3299 ut
1244 3254 1295 3301 te
1334 3289 1689 3303 ........

1137 3332 1358 3398 Accipio
1394 3349 1841 3401 agnoscoque
1877 3333 2074 3384 libens!
2109 3338 2179 3385 ut

645 3412 736 3463 sil.
771 3412 901 3463 xvr
938 3411 1064 3465 192:
1135 3414 1344 3474 Quam
1379 3419 1432 3467 te
1468 3454 1729 3467 ......
1809 3403 1812 3406 ’

1136 3496 1356 3564 Accipio
1393 3499 1819 3565 intueorque
1855 3500 2053 3552 libens!
2090 3517 2288 3566 quam

608 3640 671 3722 2)
712 3664 968 3707 numero
1013 3645 1274 3709 alicuius
1315 3648 1603 3712 vocabuli
1646 3654 1917 3713 mutato:

541 3790 595 3854 a)
642 3792 775 3845 Aen.
812 3794 839 3843 Ι
875 3790 997 3845 127;
1104 3796 1373 3863 placidum
1409 3803 1569 3865 caput
1605 3799 1795 3850 extulit
1829 3800 1995 3851 unda

641 3875 732 3926 Sil.
767 3875 874 3925 VII
908 3874 1033 3928 254:
1108 3878 1377 3944 placidum
1413 3884 1573 3946 caput
1608 3882 1799 3932 extulit
1835 3880 2082 3944 undis¹)

542 3955 596 4018 b)
639 3958 772 4010 Aen.
805 3958 914 4009 XII
943 3956 1037 4011 84:
1107 3960 1212 4021 Qui
1245 3962 1474 4013 candore
1511 3964 1696 4014 nives
1730 3965 2009 4018 anteirent.

640 4040 730 4093 Sil.
767 4041 904 4093 XIII
942 4039 1066 4094 116:
1101 4043 1250 4103 Quae
1285 4046 1512 4098 candore
1550 4047 1789 4111 nivem,
1826 4048 2054 4100 candore
2088 4049 2325 4101 anteiret.

610 4236 647 4299 ι)
683 4239 934 4290 Extrema
969 4241 1132 4290 verba
1167 4240 1388 4292 redeunt
1423 4243 1567 4308 apud
1603 4242 1780 4309 Georg
1814 4243 1892 4292 IV
1928 4242 2027 4295 352
2062 4271 2124 4276 —
2162 4245 2253 4297 Sil.
2289 4245 2423 4295 VIII
2456 4243 2570 4297 252.
