3264 4882
1487 382 1736 448 -14
1818 416 1919 479 -g

769 563 855 632 Et
895 562 1066 653 apud
1107 570 1441 648 utrumque
1482 566 1736 650 legitur,
1778 566 1999 631 laudes
2039 566 2209 633 cervi
2241 565 2508 634 necandi
2546 586 2785 635 summo

604 668 809 733 studio
851 668 1081 754 petitas
1125 688 1260 731 esse
1301 665 1460 730 Aen.
1501 666 1631 731 VH
1674 669 1795 731 496
1839 703 1919 711 --
1961 668 2069 732 Sil.
2109 669 2274 763 XIII
2319 671 2458 736 135.

768 851 883 915 IX.
938 850 1234 935 Sequitur
1287 849 1454 936 apud
1509 850 1732 914 Silium
1787 850 2123 937 descriptio
2186 852 2594 936 tempestatis,
2659 874 2786 937 qua

604 951 927 1016 Hannibal
988 952 1055 1014 in
1107 950 1390 1014 Africam
1451 951 1762 1015 transiens
1825 950 2194 1035 deterretur,
2270 971 2393 1034 quo
2456 952 2661 1018 minus
2722 955 2787 1017 in

602 1051 853 1115 Italiam
896 1050 1113 1116 redeat
1153 1050 1347 1114 XVII
1391 1051 1529 1113 237.
1613 1050 1836 1114 Silium
1878 1050 1959 1115 ab
2002 1051 2326 1133 historicis,
2382 1053 2490 1135 qui
2542 1052 2790 1117 adversi

604 1153 775 1216 venti
837 1151 1216 1215 mentionem
1277 1171 1403 1214 non
1468 1149 1726 1231 faciunt,
1792 1149 2231 1216 abhorrentem
2267 1174 2466 1216 ¹suam
2520 1153 2788 1239 descrip-

604 1253 835 1317 tionem
865 1251 946 1316 ad
975 1251 1333 1336 exemplum
1359 1249 1765 1332 Vergilianae
1795 1251 2127 1335 procellae,
2171 1274 2334 1336 quae
2370 1252 2412 1315 Ι·
2432 1256 2506 1317 81
2541 1250 2790 1337 legitur,

603 1353 858 1416 finxisse
899 1351 1053 1415 mihi
1094 1371 1462 1437 persuasum
1507 1357 1620 1414 est.
1675 1349 1818 1413 Hac
1861 1349 2114 1434 quidem
2153 1352 2219 1434 in
2261 1374 2329 1417 re
2372 1353 2579 1436 Silius,
2626 1374 2789 1438 quae

605 1474 688 1516 ex
752 1453 1099 1536 exemplari
1160 1451 1360 1536 petiit,
1423 1450 1893 1540 diligentissime
1957 1451 2227 1515 variavit
2290 1459 2354 1516 et
2416 1453 2787 1536 immutavit,
2853 1469 2863 1475 ·

605 1553 731 1633 sed,
775 1554 846 1633 si,
890 1572 1075 1635 quem
1117 1572 1355 1615 morem
1397 1557 1623 1636 poetae
1665 1551 1731 1613 in
1772 1551 2222 1616 imitationibus
2248 1559 2578 1636 usurpent,
2606 1574 2788 1638 repu-

602 1658 828 1736 tamus,
871 1654 946 1717 iis
987 1652 1280 1733 maxime,
1324 1672 1487 1735 quae
1531 1650 1611 1714 ad
1650 1651 2110 1734 compositionis
2147 1650 2450 1716 rationem
2492 1659 2791 1738 spectant,

605 1754 1016 1837 cognoscitur,
1079 1753 1243 1816 hanc
1308 1751 1700 1833 tempestatis
1764 1749 2241 1835 descriptionem
2309 1773 2433 1816 non
2507 1773 2590 1816 ex
2655 1751 2792 1816 Silii

603 1852 855 1936 ingenio
897 1859 1130 1933 natam,
1174 1850 1284 1915 sed
1331 1872 1370 1914 a
1411 1850 1695 1933 Vergilio
1739 1850 2000 1935 petitam
2047 1871 2199 1914 esse.
2280 1850 2516 1936 Itaque
2548 1852 2789 1916 Brand-

605 1958 874 2017 staetero
938 1973 1060 2016 non
1125 1951 1487 2034 adstipulor,
1558 1950 1665 2032 qui
1735 1951 1799 2013 in
1870 1950 2105 2015 Siliano
2155 1951 2311 2015 'loco
2378 1952 2789 2017 imitationem

604 2052 871 2136 Vergilii
912 2053 1118 2116 inesse
1161 2057 1353 2135 negat
1394 2051 1564 2114 hisce
1607 2051 1847 2114 verbis:
1898 2050 2040 2131 „Nil
2085 2051 2251 2114 enim
2292 2051 2357 2115 in
2401 2073 2478 2115 ea
2520 2051 2788 2138 descrip-

603 2153 774 2216 tione
827 2151 1264 2235 Vergilianum
1327 2171 1736 2235 agnoscemus
1795 2150 1913 2213 nisi
1967 2171 2184 2215 vocem
2246 2151 2506 2216 »stridor
2564 2152 2787 2216 ruden-

604 2251 837 2316 tum«“.
893 2252 1126 2316 Omnes
1170 2252 1335 2315 enim
1379 2250 1667 2334 singulae
1710 2271 1830 2331 res,
1875 2250 2101 2334 quibus
2142 2251 2303 2315 tales
2344 2257 2788 2338 tempestatum

604 2352 1046 2435 descriptiones
1090 2350 1381 2415 exornari
1426 2351 1643 2431 solent,
1688 2349 1908 2414 eodem
1952 2350 2168 2414 ordine
2212 2351 2301 2414 ita
2347 2357 2788 2415 enumerantur

605 2459 668 2517 et
711 2454 1164 2542 exprimuntur,
1228 2459 1299 2516 ut
1361 2473 1482 2516 non
1542 2472 1887 2536 numquam
1949 2452 2139 2515 etiam
2195 2452 2259 2514 in
2316 2453 2521 2516 verbis
2578 2453 2788 2515 simili-

604 2552 852 2617 tudines
894 2554 1158 2617 inveniri
1199 2552 1458 2638 possint,
1488 2557 1552 2614 et
1579 2557 1746 2615 certe
1777 2557 1971 2615 totam
2001 2552 2454 2635 compositionis
2482 2553 2787 2617 rationem

607 2674 689 2718 ex
730 2653 1014 2737 Vergilio
1058 2658 1445 2738 assumptam
1490 2672 1625 2715 esse
1668 2651 2071 2715 manifestum
2115 2653 2210 2716 sit.
2295 2652 2532 2727 Quales
2574 2658 2786 2717 autem

606 2755 729 2818 sint
770 2754 1166 2835 imitationes,
1212 2775 1293 2817 ex
1336 2752 1434 2815 his
1477 2752 1762 2832 cognosci
1805 2758 2042 2837 potest:

775 2918 834 3000 1)
877 2918 1110 2983 Terrae
1143 2918 1303 2981 mari
1335 2917 1719 2981 inundantur
1747 2916 1930 2997 (Aen.
1958 2919 1991 2981 I
2023 2920 2103 2982 86
2143 2953 2223 2961 --
2267 2917 2373 2983 Sil.
2401 2917 2595 2982 XVII
2624 2919 2789 2998 240).

771 3021 834 3100 2)
876 3020 1068 3084 Venti
1111 3020 1230 3084 orti
1271 3019 1431 3083 inter
1475 3040 1540 3082 se
1583 3025 1872 3104 pugnant
1915 3017 2099 3098 (Aen.
2142 3022 2222 3083 83
2264 3057 2349 3066 —
2390 3018 2496 3084 Sil.
2539 3018 2705 3098 247).

771 3119 836 3200 3)
860 3119 1037 3184 ‘Atra
1079 3141 1206 3184 nox
1249 3120 1457 3184 omnia
1501 3120 1661 3202 tegit
1702 3118 1884 3199 (Aen.
1928 3122 2007 3183 89
2052 3157 2134 3166 -
2177 3119 2283 3183 Sil.
2327 3116 2490 3198 255).

771 3219 834 3299 4)
876 3220 1168 3301 Fulmina
1211 3225 1547 3284 cernuntur
1588 3225 1652 3282 et
1693 3220 1958 3283 tonitrus
2002 3219 2373 3283 audiuntur:

704 3403 838 3457 Aen.
871 3401 959 3456 90:
1003 3405 1286 3456 Intonuere
1330 3377 1479 3471 poli
1520 3407 1571 3455 et
1614 3403 1845 3456 crebis
1888 3404 2097 3455 micat
2139 3403 2349 3472 ignibus
2384 3402 2568 3455 aether

707 3502 798 3555 Sil.
833 3500 954 3554 252:
997 3503 1138 3554 Hinc
1181 3503 1326 3571 rupti
1369 3503 1588 3566 reboare
1631 3503 1809 3573 poli,
1856 3506 2018 3569 atquc
2064 3503 2190 3554 hinc
2236 3503 2482 3554 crebra
2529 3501 2785 3552 micare

1001 3585 1264 3638 Fulmina.

772 3750 1012 3831 (versus
1052 3751 1456 3835 Vergilianus
1488 3752 1692 3815 'etiam
1734 3751 1798 3814 in
1841 3749 1991 3816 Silio
2033 3751 2067 3814 Ι
2115 3752 2233 3815 135
2275 3751 2535 3831 legitur:

1001 3904 1262 3968 ruptoque
1297 3901 1421 3968 polo
1465 3901 1676 3953 micat
1718 3902 1969 3969 igneus
2013 3899 2293 3963 aether)

775 4065 837 4147 5)
879 4064 1085 4130 Tanta
1127 4064 1518 4151 tempestatis
1559 4065 1622 4128 vi
1652 4065 2018 4150 perterritus
2047 4065 2148 4129 hic
2176 4064 2425 4129 Aeneas
2453 4063 2636 4145 (Aen.
2665 4062 2788 4145 94),

546 4195 551 4202 ·
610 4163 696 4228 ibi
751 4164 1074 4229 Hannibal
1131 4166 1262 4246 (Sil.
1319 4164 1466 4245 261)
1520 4165 1716 4228 verba
1777 4165 1944 4245 facit,
2004 4187 2265 4250 quorum
2320 4187 2562 4229 summa
2618 4164 2789 4250 apud

610 4269 942 4349 utrumque
984 4267 1203 4330 eadem
1244 4272 1369 4328 est:
1414 4265 1468 4329 O
1511 4264 1831 4346 fortunati,
1863 4266 2086 4346 quibus
2116 4266 2390 4349 contigit,
2417 4272 2487 4330 ut
2520 4272 2787 4331 mortem
