3264 4882
1492 374 1906 440 ...16ss

662 550 667 553 ¹
775 556 958 637 Quod
998 558 1157 646 petit
1196 562 1385 644 Juno,
1427 562 1470 626 J
1471 564 1724 649 uppiter
1767 563 2102 628 condonat:

707 713 838 765 Aen.
876 714 929 765 X
961 711 1084 766 624:
1121 715 1269 765 Tolle
1305 714 1433 782 fuga
1468 714 1706 765 Turnum
1741 717 1901 780 atque
1938 714 2336 765 instantibus
2371 696 2541 780 eripe
2576 712 2701 767 fatis

707 812 797 863 Sil.
835 812 996 863 XVII
1030 811 1152 864 383:
1187 816 1209 865 .’
1238 855 1250 866 .
1288 851 1302 865 .
1337 830 1475 866 nunc
1511 814 1814 865 instanti
1847 816 2122 880 raptum
2156 814 2323 864 avehe
2357 814 2479 865 leto.

772 985 958 1068 Nam,
1004 985 1177 1050 addit
1217 986 1509 1081 Ju'ppiter
1553 986 1722 1071 apud
1765 985 2116 1069 Vergilium
2160 1008 2217 1050 v.
2264 989 2414 1050 625:
2472 1079 2478 1083 .

994 1140 1003 1185 ‘³
1166 1156 1524 1208 Hactenus
1572 1154 1959 1209 indulsisse
2005 1160 2224 1209 vacat.

771 1320 961 1385 Silius
1015 1321 1173 1385 haec
1226 1321 1596 1402 Vergiliana
1650 1323 1845 1386 verba
1903 1322 1969 1386 in
2027 1322 2202 1387 initio
2257 1322 2298 1386 J
2301 1321 2433 1387 ovis
2491 1322 2787 1387 orationis

606 1420 826 1508 eadem
869 1421 932 1484 in
975 1442 1190 1486 versus
1234 1421 1381 1487 sede
1423 1429 1687 1509 usurpat
1727 1421 1808 1502 (v.
1852 1422 1998 1503 374)
2094 1442 2112 1456 ⁵

1993 1588 2119 1651 (Sed
2155 1572 2367 1656 percipe
2401 1588 2670 1652 coniunx).

1169 1671 1527 1732 Quatenus
1575 1672 1964 1724 indulsisse
2010 1675 2226 1725 vacet.

767 1820 911 1884 Hac
963 1820 1150 1884 venia
1203 1820 1539 1906 impetrata
1597 1819 1744 1904 quid
1806 1820 1956 1884 facit
2008 1817 2195 1902 Juno,
2251 1829 2323 1886 ut
2378 1816 2620 1904 ducem,
2687 1823 2785 1886 cui

603 1921 1048 2005 patrocinatur,
1093 1941 1131 1984 a
1160 1921 1452 2006 periculis
1481 1920 1779 1984 defendat
1809 1921 2175 2003 salvumque
2215 1942 2249 1984 e
2278 1943 2493 2007 pugna
2524 1921 2785 1986 educat?

601 2021 678 2084 In
738 2021 1002 2086 formam
1061 2021 1193 2084 eius
1258 2027 1520 2102 mutata,
1599 2042 1786 2105 quem
1851 2020 2127 2084 maxime
2191 2021 2349 2106 petit
2411 2020 2659 2085 Turnus
2723 2029 2782 2086 ct

602 2120 946 2203 Hannibal,
1003 2121 1092 2185 ibi
1146 2120 1401 2185 Aeneae
1464 2121 1566 2183 hic
1638 2120 1961 2203 ScipioniS,
2038 2122 2095 2184 ei
2160 2121 2407 2185 obviam
2471 2124 2536 2203 it,
2599 2142 2780 2204 quem

603 2221 978 2286 incolumem
1006 2219 1266 2285 reddere
1295 2222 1450 2302 vult,
1496 2239 1763 2302 eumque
1793 2221 1932 2284 telis
1962 2221 2219 2285 obiectis
2254 2221 2333 2283 ad
2376 2223 2780 2306 pugnandum

602 2321 884 2386 lacessit:

703 2488 835 2542 Ae'n.
873 2489 926 2540 X
957 2486 1058 2540 636
1089 2488 1168 2542 ff.:
1204 2489 1338 2540 Tum
1375 2488 1475 2541 dea
1510 2489 1650 2542 nube
1685 2504 1817 2540 cava
1851 2492 2062 2541 tenuem
2097 2489 2208 2541 sine
2242 2488 2441 2540 viribus
2475 2489 2717 2541 umbram
2803 2490 2807 2494 ⁴

1201 2573 1264 2623 In
1300 2573 1492 2624 faciem
1526 2572 1741 2624 Aeneae
1778 2570 1915 2634 (visu
1948 2572 2190 2624 mirabile
2224 2569 2537 2633 monstrum)

1201 2656 1485 2707 Dardaniis
1520 2659 1674 2707 ornat
1708 2656 1826 2706 telis
1861 2655 2304 2722 clipeumque
2338 2654 2679 2721 iubasque

1200 2740 1380 2790 Divini
1414 2740 1787 2791 assimulat
1821 2738 2025 2804 capitis,
2061 2737 2153 2789 dat
2187 2738 2367 2788 inania
2400 2737 2563 2789 verba

1199 2822 1330 2873 Dat
1365 2822 1509 2873 sine
1544 2825 1720 2873 mente
1755 2837 1941 2872 sonum
1975 2836 2289 2887 gressusque
2325 2819 2528 2887 effingit
2563 2819 2734 2872 euntis

1201 2986 1274 3037 At
1309 2987 1506 3054 primas
1541 2988 1685 3038 laeta
1720 2990 1879 3038 ante
1914 2986 2066 3038 acies*
2089 2987 2407 3037 exsultat
2442 2985 2618 3052 imago

1196 3070 1482 3136 Iri-itatque
1516 3071 1689 3121 virum
1723 3070 1889 3121 telis
1924 3073 1976 3121 et
2011 3085 2138 3121 voce
2174 3069 2399 3121 lacessit.

618 3196 622 3200 ⁸
672 3204 762 3257 Sil.
787 3204 946 3256 XVII
970 3201 1069 3255 525
1087 3203 1166 3257 ff.:
1203 3204 1449 3272 Effigiem
1485 3205 1739 3256 informat
1772 3204 1999 3268 Latiam,
2035 3219 2364 3272 propereque
2401 3200 2630 3254 coruscis

1200 3287 1394 3341 Attolit
1430 3287 1627 3339 cristis:
1663 3287 1812 3339 addit
1847 3288 2293 3354 clipeumque
2328 3285 2672 3350 iubasque

1198 3370 1445 3422 Romulei
1477 3370 1640 3433 duciS,
1676 3374 1838 3436 atque
1872 3371 2067 3422 umeris
2101 3369 2324 3436 imponit
2357 3370 2611 3420 honorem

1198 3453 1475 3521 Fulgentis
1511 3453 1712 3521 saguli:
1756 3453 1791 3504 d
1805 3457 1873 3505 at
1915 3470 1951 3521 g
1963 3471 1990 3503 r
2004 3470 2032 3504 e
2047 3469 2071 3504 s
2086 3469 2110 3504 s
2123 3470 2159 3503 ιι
2173 3470 2227 3503 m
2259 3452 2564 3518 hatitusque
2600 3448 2784 3501 cientis

1198 3537 1411 3588 Proelia
1446 3539 1498 3587 et
1533 3535 1958 3588 audacesadicit
1992 3536 2140 3587 sine
2176 3551 2394 3602 corpore
2428 3537 2619 3587 motus.

1200 3702 1287 3754 Sic
1322 3703 1489 3755 Poeni
1523 3703 1672 3755 ducis
1707 3720 1740 3754 a
1754 3706 1867 3755 nte
1903 3704 2084 3755 oculos
2118 3719 2147 3755 e
2160 3719 2196 3752 x
2212 3718 2236 3753 s
2249 3703 2320 3755 ul
2333 3705 2355 3752 t
2369 3704 2438 3755 at
2471 3703 2524 3753 et
2557 3700 2696 3751 ultro

1202 3785 1377 3853 Scipio
1412 3787 1449 3838 J
1450 3787 1613 3838 unoni
1645 3786 1771 3838 sim
1786 3804 1821 3838 u
1836 3788 1988 3839 latu
2002 3803 2026 3838 s
2060 3786 2159 3838 tel
2175 3801 2208 3838 a
2242 3784 2498 3837 coruscat.

768 3949 871 4014 Ab
913 3951 1020 4015 illo
1064 3951 1262 4037 petita
1295 3952 1602 4037 paulatim
1637 3952 1915 4036 refugit
1900 3973 2107 4035 imago
2147 3958 2210 4016 et
2240 3952 2327 4015 sic
2354 3949 2786 4015 vehementius

606 4049 943 4115 instantem
993 4075 1032 4115 a
1076 4073 1293 4138 pugna
1347 4053 1628 4133 removit,
1647 4052 1876 4120 donec
1926 4053 2052 4134 ille,
2109 4051 2276 4137 quod
2335 4051 2536 4115 subito
2592 4050 2788 4114 hostis

579 4148 881 4233 evanuit,
926 4151 1386 4234 animadvertit,
1445 4174 1511 4216 se
1569 4174 1607 4216 a
1664 4152 1780 4217 deo
1834 4153 2041 4216 lusum
2098 4174 2251 4217 esse.
2335 4150 2578 4215 Tantae
2624 4151 2787 4213 cala-

607 4249 840 4313 mitatis
908 4251 1120 4316 dolore
1185 4252 1449 4316 affectus
1502 4251 1699 4316 iratas
1755 4251 2017 4318 effundit
2072 4273 2273 4333 voceS,
2333 4270 2597 4333 quarum
2666 4271 2790 4314 non
