3264 4882
703 352 719 368 ·
785 348 846 378 ··
997 343 1109 421 ···³÷
1141 310 1572 456 3..{.-·:·..1]1··-
1659 363 1742 430 62
1828 403 1905 410 -

704 551 840 604 Aen.
874 549 957 602 IX
988 546 1115 603 601:
1201 549 1367 610 Quis
1413 549 1542 602 deus
1588 567 1708 602 vos
1753 550 2033 619 adegit?
2099 550 2243 603 Non
2290 549 2403 621 hio

707 634 782 685 Sil
817 634 844 685 Ι
877 630 1006 685 443:
1195 632 1381 693 Quae
1427 651 1552 686 nam
1599 638 1665 686 te
1711 634 2010 702 adigunt
2056 634 2289 686 Furiae?
2357 634 2501 685 Non
2549 635 2719 686 haee

703 784 837 836 Aen.
872 783 953 834 XI
987 781 1048 835 5:
1199 783 1386 835 decisis
1420 784 1657 850 undique
1691 784 1853 836 ramis

824 867 961 918 VIII
994 865 1120 920 233:
1198 867 1449 935 praecisis
1483 868 1720 934 undique
1756 868 1899 920 saxis

703 950 794 1002 Sil.
830 949 963 1001 XIV
997 947 1124 1002 320:
1199 951 1361 1002 erasis
1395 950 1630 1017 undique
1666 951 1833 1004 nodis,

702 1099 837 1152 Aen.
872 1099 954 1151 XI
988 1095 1082 1152 51:
1198 1100 1334 1151 nihil
1367 1100 1476 1151 iam
1511 1100 1827 1152 caelestibus
1861 1100 1985 1151 ullis
2018 1099 2313 1152 Debentem

701 1182 793 1234 Sil.
828 1182 932 1233 XV
968 1180 1093 1234 372:
1195 1183 1329 1234 nihil
1364 1187 1545 1257 restat,
1572 1182 1726 1248 ⁴quod
1762 1183 1952 1235 debeat
1986 1185 2128 1235 ultra
2162 1184 2287 1234 Jam
2323 1182 2540 1248 Superis

700 1332 834 1384 Aen.
871 1332 952 1384 XI
986 1329 1111 1405 339;
1198 1331 1442 1383 Consiliis
1476 1332 1692 1384 habitus
1727 1348 1833 1385 non
1867 1332 2036 1384 futilis
2070 1335 2255 1384 auctor

702 1413 792 1466 Sil.
828 1414 967 1466 XIII
999 1413 1125 1466 363:
1194 1416 1401 1483 magnis
1436 1419 1621 1467 auctor
1656 1430 1762 1467 non
1797 1415 1965 1466 futilis
2000 1415 2142 1467 ausis

700 1562 833 1615 Aen.
869 1562 951 1613 XI
985 1561 1111 1615 502:
1195 1564 1252 1614 si
1300 1580 1431 1630 qua
1479 1567 1582 1615 est
1630 1563 1906 1614 fiducia
1954 1563 2080 1614 forti

701 1645 794 1697 Sil.
828 1645 967 1697 XIII
1002 1642 1128 1698 151:
1196 1647 1251 1697 si
1301 1662 1431 1712 qua
1479 1649 1582 1697 est
1628 1645 1902 1696 fiducia
1949 1645 2182 1697 dextrae.

698 1796 832 1849 Aen.
868 1796 949 1848 XI
981 1793 1109 1847 663:
1193 1795 1391 1847 lunatis
1424 1795 1640 1863 agmina
1674 1794 1832 1860 peltis

698 1877 791 1932 Sil.
826 1880 881 1930 H
915 1876 1010 1930 76:
1195 1879 1392 1930 lunatis
1426 1878 1669 1930 Bistones
1703 1876 1882 1929 armis.

697 2026 832 2078 Aen.
868 2025 979 2076 XII
1012 2022 1139 2077 397:
1190 1986 1367 2077 mlitas
1401 2025 1606 2093 agitare
1641 2025 1899 2093 inglorius
1934 2027 2074 2076 artes

700 2109 792 2161 Sil.
827 2109 913 2160 III
947 2105 1074 2161 579:
1197 2112 1404 2160 mutum
1437 2109 1656 2161 volvens
1691 2109 1949 2178 inglorius
1983 2123 2175 2159 aevum

663 2316 668 2321 ,
698 2259 832 2311 Aen.
868 2258 978 2310 XII
1011 2255 1137 2310 932:
1194 2262 1343 2310 utere
1377 2261 1517 2310 sorte
1551 2260 1647 2310 tua
1682 2229 1685 2232 .

697 2342 789 2395 Sil.
825 2342 928 2393 XV
961 2339 1090 2394 801:
1190 2342 1352 2394 Utere
1385 2341 1557 2393 Marte
1590 2345 1701 2395 tuo,
