3264 4882
1548 342 1961 402 -32-

826 525 967 588 Hoc
1022 523 1306 586 mutandi
1371 522 1664 602 studium,
1730 544 1870 586 eam
1934 524 2011 587 ob
2075 544 2207 587 rem
2263 528 2844 591 commemoratione

663 625 920 707 dignum
973 630 1084 702 est,
1141 623 1305 707 quod
1362 622 1681 685 effluxisse
1739 623 1985 687 videtur
2042 646 2122 688 ex
2179 624 2301 688 alio
2344 632 2571 708 poetae
2624 626 2846 705 studi0,

661 724 826 805 quod
891 746 928 786 a
992 722 1259 806 Vergilii
1323 724 1562 785 ratione
1630 723 1818 805 longe
1891 725 2164 787 alienum
2235 732 2347 788 est.
2455 726 2612 788 Cum
2680 728 2841 789 enim

660 824 981 907 Vergilius
1026 822 1386 908 saepissime
1419 844 1630 911 versus
1672 823 2013 903 iteraverit,
2056 824 2119 886 id
2164 824 2328 907 quod
2372 826 2602 889 exilem
2645 827 2844 909 magis

660 924 1049 1007 diligentiam
1123 929 1348 1008 poetae
1419 942 1607 1003 quam
1681 930 2052 1007 occupatum
2116 925 2506 1006 gravioribus
2569 927 2840 989 animum

661 1024 885 1109 prodit,
931 1014 1117 1087 Silius
1162 1022 1280 1086 hac
1323 1023 1385 1084 in
1424 1044 1491 1086 re
1530 1029 1850 1086 auctorem
1881 1045 2058 1086 suum
2093 1045 2212 1086 non
2247 1025 2541 1106 sequitur.
2596 1024 2843 1087 Eten‘l’m

660 1125 891 1206 ubique
963 1145 1203 1187 summo
1269 1122 1471 1186 studio
1526 1144 1907 1212 summaque
1978 1132 2111 1187 arte
2186 1145 2329 1187 eum
2401 1124 2459 1186 id
2535 1123 2844 1187 studuisse

660 1225 960 1305 videmuS,
1016 1246 1096 1288 ne
1152 1224 1215 1285 in
1258 1223 1452 1286 verba
1508 1244 1546 1285 a
1599 1242 1664 1284 se
1717 1223 1841 1285 iam
1896 1231 2194 1305 usurpata
2251 1225 2473 1288 iterum
2532 1223 2848 1286 incideret.

661 1326 840 1399 Quae
885 1346 986 1387 ars
1030 1325 1265 1386 colores
1308 1321 1590 1385 variandi
1635 1329 1747 1402 est,
1794 1330 1861 1384 ut
1905 1321 2230 1386 Ernestius
2275 1324 2377 1401 ait,
2421 1345 2568 1409 pars
2610 1324 2869 1406 ingenii·

660 1425 874 1488 Siliani
919 1424 1193 1486 maxime
1235 1423 1495 1504 insignis
1539 1430 1600 1485 et
1646 1422 1824 1485 ferax
1851 1422 1911 1501 ¹).

824 1525 1027 1587 Venio
1072 1522 1359 1595 nunclad
1381 1508 1672 1586 'alterum
1716 1523 2129 1586 imitationum
2176 1544 2391 1606 genus,
2477 1523 2635 1603 Cum
2681 1524 2843 1587 enim

660 1627 723 1690 in
765 1627 871 1689 illo
914 1626 1118 1708 priore
1162 1644 1394 1706 genere
1439 1621 1626 1685 Silius
1649 1622 2019 1706 Vergiliana
2057 1624 2195 1707 ipsa
2234 1623 2560 1708 paululum
2603 1630 2846 1686 mutata

660 1726 983 1808 praebeat,
1024 1782 1029 1789 ,
1064 1723 1164 1787 hic
1236 1745 1452 1786 versus
1531 1723 1700 1807 ipsos
1774 1744 1807 1785 e
1878 1722 2162 1806 Vergilio
2240 1724 2646 1808 transcriptos
2724 1744 2846 1786 non

660 1826 982 1906 habemus,
1019 1825 1132 1888 sed
1178 1832 1388 1887 tamen
1436 1824 1584 1886 satis
1629 1830 1799 1886 certa
1843 1824 2097 1905 originis
2125 1823 2394 1906 ‚vestigia
2433 1824 2650 1887 relicta
2689 1833 2847 1886 sunt.

658 1925 799 1988 Hoc
841 1925 1255 1988 imitationum
1300 1945 1499 2007 genus
1542 1930 1792 2007 praeter
1835 1924 2294 2006 compositionis
2337 1931 2556 2005 artem,
2600 1923 2678 1986 de
2723 1945 2847 2007 qua

660 2026 861 2110 prima
903 2024 1088 2086 huius
1139 2023 1591 2087 dissertationis
1646 2031 1824 2104 parte
1880 2023 2000 2106 egi,
2059 2023 2334 2086 maxime
2389 2024 2679 2087 idoneum
2737 2030 2848 2101 est,

660 2144 781 2205 quo
824 2123 1195 2203 declaretur,
1253 2123 1399 2207 quid
1458 2123 1534 2186 de
1588 2123 1720 2185 Silii
1773 2123 2023 2210 ingenio
2079 2123 2478 2186 iudicandum
2545 2125 2640 2203 sit,
2706 2144 2847 2186 cum

660 2232 910 2307 propter
974 2244 1301 2286 numerum
1356 2244 1652 2286 versuum
1717 2221 2184 2306 descriptorum,
2251 2224 2356 2306 qui
2419 2224 2617 2286 maior
2677 2222 2845 2307 apud

656 2323 878 2386 Silium
922 2330 1017 2386 est
1060 2342 1249 2404 quam
1295 2321 1463 2406 apud
1507 2321 1707 2383 ullum
1766 2322 1958 2384 alium
2016 2329 2285 2406 poetam,
2343 2324 2449 2405 qui
2491 2322 2844 2404 Vergilium

659 2431 908 2488 secutus
953 2430 1065 2504 est,
1122 2429 1257 2487 tum
1308 2422 1584 2486 maxime
1627 2428 1884 2507 propter
1926 2422 2232 2487 rationem
2276 2423 2340 2486 in
2382 2421 2681 2486 imitando
2725 2422 2846 2484 usi-

659 2533 873 2589 tatam.
957 2525 1073 2587 Est
1117 2524 1281 2587 enim
1326 2530 1457 2586 tam
1511 2523 1746 2605 exigua
1801 2524 1863 2586 in
1916 2524 2067 2587 Silio
2118 2524 2353 2607 ingenii
2409 2524 2522 2605 vis,
2581 2530 2649 2585 111
2705 2543 2846 2584 nus-

659 2645 848 2706 quam
912 2646 950 2686 a
1012 2624 1279 2687 lectione
1333 2622 1702 2701 Vergiliana
1760 2624 2036 2712 animum
2102 2645 2396 2687 revocare
2459 2622 2671 2708 possit,
2738 2621 2845 2683 sed

658 2725 867 2788 omnia
910 2723 1150 2805 reddat,
1194 2743 1357 2807 quae
1402 2724 1586 2786 simili
1630 2722 1929 2787 Aeneidis
1970 2726 2105 2788 loco
2150 2725 2401 2808 propria
2446 2730 2605 2786 sunt.

823 2824 1237 2888 Inveniuntur
1279 2829 1491 2886 autem
1535 2824 1947 2887 imitationes:

824 2923 873 2986 I.
914 2924 978 2987 in
1023 2924 1116 3004 iis,
1163 2945 1325 3006 quae
1370 2923 1544 2986 addit
1586 2923 1667 2987 ad
1718 2924 2009 3001 locorum,
2052 2924 2399 3002 fluviorum,
2442 2924 2690 2986 urbium
2735 2930 2849 2985 etc.

660 3024 928 3087 nomina.
971 3024 1133 3086 Rem
1176 3024 1377 3108 ipsam
1410 3024 1779 3108 plerumque
1823 3024 2227 3104 notissimam,
2260 3024 2406 3105 quia
2451 3023 2682 3105 ubique
2718 3023 2849 3085 fere

660 3130 971 3201 narratur,
1018 3144 1051 3185 e
1096 3122 1379 3205 Vergilio
1422 3123 1676 3187 haurire
1720 3145 1842 3186 non
1888 3145 2045 3209 opus
2090 3131 2241 3187 erat.
2285 3123 2451 3187 Nam
2495 3123 2736 3201 Silium,
2780 3128 2848 3184 111
2931 3150 2936 3158 ·

663 3225 1022 3309 exemplum
1086 3223 1426 3307 proferam,
1498 3246 1638 3286 cum
1702 3224 2122 3307 Agrigentum
2197 3224 2474 3287 nominat
2550 3223 2849 3302 „altorem

663 3323 997 3408 equorum“
1045 3323 1203 3386 XIV
1228 3326 1369 3404 208,
1414 3324 1531 3410 1100
1567 3345 1600 3387 0
1630 3323 1913 3407 Vergilio
1947 3323 2071 3404 (III
2111 3326 2228 3387 704
2265 3330 2635 3406 „generator
2664 3342 2846 3404 equo-

661 3422 864 3502 rum“)
906 3423 1307 3506 descripsisse
1336 3424 1443 3486 vix
1488 3423 1783 3488 credibile
1823 3431 1943 3503 est3
1987 3424 2141 3486 talia
2171 3445 2385 3486 omnes
2417 3431 2550 3486 tum
2580 3421 2847 3485 scribere

661 3529 999 3609 potuerunt
1040 3524 1231 3586 etiam
1273 3523 1557 3606 Vergilio
1601 3545 1722 3587 non
1766 3525 1945 3603 lect0,
1991 3524 2162 3587 velut
2206 3545 2316 3586 nos
2359 3522 2545 3585 hodie
2587 3521 2848 3584 dicimus

662 3622 739 3686 de
792 3624 990 3707 pretio
1033 3645 1334 3708 equorum
1377 3624 1868 3708 Anglicanorum
1914 3625 2013 3686 vel
2055 3608 2560 3702 Hungaricorum
2584 3620 2649 3700 ²).
2726 3620 2847 3683 Sed

662 3730 873 3787 tamen
946 3745 1068 3787 non
1137 3746 1478 3809 numquam
1546 3725 1719 3787 illum
1778 3732 1925 3786 ante
1984 3725 2194 3787 oculos
2251 3724 2306 3787 ei
2364 3723 2574 3802 fuisse,
2640 3720 2848 3783 simili-

663 3822 982 3887 tudinibus
1025 3824 1504 3904 demonstratur,
1550 3845 1714 3908 quae
1760 3830 2013 3886 exstant
2057 3824 2217 3885 inter
2260 3822 2414 3885 duos
2458 3827 2700 3906 poetas:

834 4006 872 4069 l)
906 4009 1046 4061 idem
1081 4009 1405 4060 demonstrat
1440 4009 1492 4058 in
1529 4007 1777 4074 epithetis
1813 4010 1921 4060 Leo
1959 4008 2260 4059 CholeviuS.

830 4088 872 4153 ²)
909 4093 970 4141 In
1021 4091 1415 4156 quaestionibus
1464 4092 1618 4141 huius
1667 4092 1809 4142 modi
1858 4091 2109 4158 proficere
2153 4095 2303 4157 potes
2348 4105 2410 4139 ex
2448 4087 2611 4138 Blasii
2661 4086 2850 4136 disser-

667 4173 883 4236 tatione,
933 4176 982 4224 in
1034 4174 1316 4225 annalibus
1370 4173 1699 4225 Fleckeiseni
1753 4170 1884 4224 1874
1929 4192 1979 4240 p.
2028 4172 2142 4237 506,
2193 4174 2281 4222 ubi
2334 4172 2397 4221 de
2446 4170 2668 4221 Wezelii
2717 4168 2850 4218 libro

668 4256 916 4321 loquitur.
