3264 4882
1365 360 1779 448 *134-

483 591 749 655 eumque
790 568 1012 637 iisdem
1041 569 1426 654 argumentis
1470 592 1510 633 a
1547 569 1803 634 consilio
1842 568 2131 633 deterret.
2178 566 2366 649 Nam,
2395 567 2662 650 Desiste,

481 670 700 756 inquit,
740 678 996 752 certare,
1031 692 1132 735 res
1167 671 1281 734 tibi
1311 691 1437 734 non
1472 675 1568 734 est
1603 691 1743 732 cum
1779 669 2149 749 hominibUS,
2182 668 2292 732 sed
2332 690 2472 732 cum
2516 668 2661 750 diis3

483 777 564 853 et,
603 770 769 856 quod
808 771 964 853 dico,
1001 774 1069 846 re
1124 792 1276 834 vera
1310 771 1399 834 ita
1435 791 1590 852 esse,
1616 776 1696 833 »ut
1729 769 1964 851 videaS,
2000 770 2266 834 nebulas
2308 769 2662 834 dimovebo:

580 922 712 975 Aen.
749 923 804 972 II
846 918 972 974 604:
1008 921 1315 989 Adspice,
1348 937 1620 986 namque
1657 935 1882 983 omnem,
1916 936 2051 986 quae
2076 932 2217 972 nunc
2241 921 2470 974 obducta
2493 921 2664 973 tuenti

484 998 492 1009 '⁴
797 995 805 998 ⁷
876 1012 877 1015 ’
1008 1000 1275 1057 Mortales
1293 1005 1512 1069 hebetat
1543 1004 1686 1055 visus
1707 1003 1819 1075 pibi
1852 1006 1905 1055 et
1936 1004 2156 1056 humida
2192 1005 2388 1056 circum

1007 1087 1233 1156 Caligat,
1269 1087 1509 1155 eripiam,
1545 1104 1579 1137 n
1594 1104 1630 1137 u
1643 1087 1677 1137 b
1693 1104 1721 1139 e
1735 1103 1789 1136 m
1831 1124 2188 1139 ........

481 1210 487 1216 ψ
556 1170 674 1223 νἼ8ἰ1.
707 1170 818 1222 XII
849 1167 972 1223 707:
1007 1170 1105 1235 En,
1139 1187 1256 1239 age,
1291 1186 1584 1236 namque
1620 1170 1787 1222 oculis
1822 1173 2001 1222 amota
2036 1169 2549 1237 nubeparumper,

1009 1252 1235 1306 Cernere
1269 1256 1461 1305 cuncta
1496 1252 1635 1304 dabo
1670 1290 1880 1305 .....

1008 1335 1059 1386 A
1073 1336 1108 1387 d
1121 1352 1145 1387 s
1160 1353 1194 1403 p
1209 1336 1268 1387 ic
1283 1352 1311 1388 e
1347 1374 1705 1389 ........

479 1453 618 1543 Quo
662 1453 828 1517 facto
870 1452 1020 1516 deos
1065 1445 1182 1515 s'ibi
1234 1451 1523 1525 resistere
1564 1451 1799 1532 vident,
1854 1449 2105 1515 Aeneas
2160 1451 2251 1532 (ΙΙ
2293 1451 2466 1533 610),
2492 1452 2662 1540 Nep-

477 1557 699 1615 tunum
762 1551 1016 1617 tridenti
1085 1551 1495 1615 fundamenta
1566 1550 1792 1616 Troiae
1863 1552 2267 1633 quatientem,
2339 1552 2668 1617 Hannibal

478 1658 739 1735 septem
761 1653 1017 1717 Romae·
1045 1652 1232 1716 colles
1276 1673 1314 1714 a
1343 1650 1478 1733 diis,
1524 1652 1630 1736 qui
1660 1658 1795 1716 tum
1836 1659 2239 1716 recensentur
2281 1651 2387 1732 (ab
2429 1676 2487 1718 v.
2518 1653 2664 1735 709)

477 1773 812 1837 possessos
1078 1738 1083 1743 ⁸

644 1852 820 1917 VIII.
878 1852 1037 1916 Cum
1080 1852 1165 1915 in·
1188 1850 1447 1936 Capuae
1492 1851 1810 1916 obsidione
1861 1873 1961 1916 res
2012 1853 2140 1937 iam
2188 1853 2253 1915 in
2307 1874 2383 1917 eo
2411 1853 2535 1935 sit,
2591 1860 2664 1918 ut

477 1940 738 2014 Fulvius
809 1952 1110 2034 impetum
1187 1952 1252 2014 in
1330 1952 1552 2015 urbem
1623 1953 1759 2015 fieri
1827 1941 2059 2028 iubeat,
2131 1973 2313 2016 omen
2384 1953 2661 2017 faustum

477 2051 797 2125 Romanis
821 2051 1097 2132 offertur,
1154 2073 1357 2132 cerva,
1412 2070 1575 2133 quae
1616 2050 1865 2115 Dianae
1909 2073 2088 2115 sacra
2131 2052 2521 2136 credebatur,
2579 2075 2660 2119 ex

477 2150 633 2217 urbe
675 2151 740 2213 in
781 2151 1069 2215 Romana
1125 2158 1329 2215 castra
1385 2152 1651 2235 fugienS.
1733 2152 1833 2241 Ibi
1888 2158 2075 2238 capta
2130 2153 2210 2217 ab
2266 2154 2663 2236 imperatore,

478 2250 585 2331 qui
640 2248 760 2314 hoc
813 2272 995 2315 omen
1051 2272 1187 2315 esse
1245 2250 1564 2336 Capuanis
1619 2251 1825 2315 dirum
1888 2253 2223 2331 existimat,
2285 2254 2350 2316 in
2412 2253 2660 2319 Dianae

475 2348 791 2415 honorem.
816 2346 1144 2415 mactatur.
1227 2351 1412 2415 Unde
1455 2351 1691 2416 habeat
1744 2351 1930 2415 Silius
1983 2351 2151 2416 hunc
2205 2341 2296 2416 rei
2352 2360 2659 2435 ornatum,

480 2450 531 2516 si
573 2452 973 2534 quaesiveris,
1016 2454 1079 2516 in
1123 2452 1407 2535 Vergilio
1449 2447 1634 2516 huius
1688 2454 2011 2536 exemplar
2060 2460 2313 2517 exstare
2363 2455 2660 2519 invenies.

477 2549 644 2614 Nam
707 2550 874 2622 Juno
939 2573 1079 2616 cum
1144 2552 1376 2616 bellum
1443 2554 1606 2616 inter
1661 2553 1962 2617 Troianos
2029 2559 2093 2617 et
2152 2553 2414 2618 Latinos
2478 2575 2659 2619 exar-

477 2650 730 2732 descere
783 2652 953 2733 velit,
1010 2674 1123 2737 per
1176 2650 1570 2716 Allectonem
1627 2652 1836 2733 efficit,
1899 2659 1971 2716 ut
2023 2652 2207 2717 Julus
2260 2657 2660 2719 mansuetum

477 2749 707 2835 Tyrrhi
760 2773 1012 2815 cervum
1065 2752 1424 2842 interficiat,
1471 2773 1636 2836 quae
1689 2773 1789 2816 res
1844 2751 2069 2816 deinde
2124 2754 2194 2818 fit
2249 2775 2439 2818 causa
2490 2756 2657 2819 belli.

477 2849 696 2913 Silium
750 2851 913 2915 hanc
968 2852 1046 2916 de
1102 2873 1287 2916 cerva
1341 2852 1762 2916 narrationem
1818 2873 1898 2916 ex
1940 2850 2223 2917 Aeneide
2265 2853 2549 2919 hausisse
2594 2861 2658 2918 et

477 2942 609 3013 sola
628 2942 732 3015 Tre
754 2940 761 2944 ’
787 2943 1087 3037 probatur
1146 2958 1210 3016 et
1267 2952 1603 3037 praecipue
1666 2957 1893 3015 natura
1955 2953 2433 3038 virtutibusque,
2499 2975 2656 3038 quas

468 3048 622 3113 *huic
667 3072 888 3130 cervae
927 3052 1160 3116 tribuit.
1245 3051 1470 3115 Omnia
1513 3053 1696 3133 enim,
1746 3051 1971 3136 quibus
2014 3073 2263 3116 cervam
2305 3053 2656 3138 praeditam

479 3171 615 3214 esse
673 3151 871 3234 fingit,
927 3174 965 3215 a
1016 3151 1298 3234 Vergilio
1352 3153 1477 3214 iam
1506 3151 1613 3214 'de
1672 3173 1782 3216 suo
1838 3172 2019 3216 cervo
2077 3149 2448 3237 praedicata¹
2497 3141 2653 3236 esse,

479 3251 597 3313 etsi
623 3241 817 3316 verba
844 3252 1013 3316 nullo
1046 3252 1182 3315 loco
1223 3257 1589 3333 congruunt,
1632 3257 1704 3314 ut
1748 3273 1938 3334 saepe
1979 3252 2050 3313 fit
2092 3252 2155 3314 in
2191 3250 2657 3333 imitationibuS,

479 3351 664 3422 facile
703 3352 1124 3435 intellegimus
1167 3372 1248 3415 ex
1292 3350 1411 3413 hac
1453 3351 1721 3415 tabella:

639 3541 644 3546 .
733 3468 766 3502 ”
818 3502 976 3554 Aen.
1027 3502 1174 3554 vn.
1270 3556 1276 3562 ,
1895 3531 1896 3534 =
1958 3502 2071 3554 sii
2125 3501 2316 3578 x1111.

475 3581 599 3636 485:
635 3584 926 3649 Tyrrhidae
959 3585 1111 3654 pueri
1146 3585 1431 3637 nutribant.
1615 3581 1737 3637 119:
1773 3582 1992 3653 (Capys)
2028 3586 2303 3639 nutrierat.

1614 3664 1738 3721 119:
1774 3685 2059 3735 sensusque
2126 3669 2354 3721 hominis
2433 3667 2657 3721 donarat

477 3747 600 3804 487:
634 3752 913 3805 adsuetum
946 3753 1194 3821 imperiis.
1227 3773 1232 3776 ·
1465 3680 1491 3880 ἶ
1534 3771 1539 3774 ·
1815 3751 2024 3805 alendo.

889 3825 893 3830 ’
1615 3832 1738 3887 12οε
1775 3838 1936 3887 exuta
1970 3835 2155 3887 feram.

476 3912 598 3968 490:
632 3931 951 3982 mensaeque
985 3917 1233 3970 adsuetus
1265 3918 1436 3971 herili.
1615 3914 1738 3970 120:
1774 3918 2063 3984 docilisque
2097 3918 2348 3970 accedere
2381 3917 2589 3970 mensis.

476 3995 599 4051 490:
633 4016 851 4051 manum
884 4001 1106 4067 patiens.
1615 3996 1737 4053 121:
1772 4000 1971 4052 blanda
1988 4002 2191 4052 attactu
2204 4000 2471 4068 gaudebat
2484 4001 2654 4054 herili.

475 4078 599 4134 489:
635 4084 985 4150 pectebatque
1019 4084 1204 4136 ferum.
1615 4079 1736 4135 122:
1771 4083 1976 4135 Aurato
2016 4081 2502 4137 matresadsuetae
2530 4101 2653 4152 pec-

1813 4167 1922 4218 tine
1956 4166 2139 4236 mitem
2175 4164 2408 4218 Comere.
2595 4181 2601 4234 j
2639 4181 2642 4182 ⁷

474 4245 598 4301 489:
632 4266 870 4318 puroque
904 4250 959 4300 in
994 4250 1140 4302 fonte
1176 4250 1405 4302 lavabat.
1614 4247 1736 4301 123:
1770 4249 2011 4300 humenti
2039 4249 2199 4299 fluvio
2230 4265 2476 4302 revocare
2510 4252 2650 4302 colo-

1813 4349 1940 4385 l’em.
