3264 4882
1452 341 1866 400 —20-.

568 530 817 609 praesto
862 529 1057 602 erant,
1103 523 1396 605 quoniam
1434 528 1659 607 poetae
1705 528 1766 585 et
1796 521 2180 586 Graecorum
2224 529 2287 587 et
2326 524 2753 589 Romanorum

569 623 977 687 libentissime
1034 623 1097 685 in
1155 622 1386 686 talibus
1442 622 1957 707 descriptionibus
2021 623 2253 686 versati
2314 631 2475 705 sunt,
2542 632 2752 689 tamen

570 724 757 787 Silius
820 745 941 785 non
1005 723 1303 805 exiguam
1369 728 1611 807 partem
1683 722 1868 785 huius
1938 723 2366 808 descriptionis
2430 725 2510 787 ad
2573 725 2753 789 ludos

570 823 991 906 VergilianoS,
1022 845 1176 907 quos
1203 822 1456 887 Aeneas
1498 824 1563 885 in
1592 821 1905 886 Anchisae
1949 823 2245 887 honorem
2282 825 2547 905 paravit,
2592 846 2751 888 com-

571 923 777 1009 posuit
834 923 939 1002 ita,
996 930 1065 986 ut
1130 909 1573 1008 descriptiones
1631 922 1937 986 artissime
1995 924 2365 987 conveniant
2422 930 2509 987 et‘
2537 925 2601 988 in
2664 925 2755 1005 iis,

572 1045 734 1108 quae
789 1023 870 1087 ad
924 1024 1104 1086 ludos
1164 1023 1336 1108 ipsos·
1386 1023 1716 1107 pertinent,
1784 1030 1846 1087 et
1908 1023 1973 1086 in
2029 1024 2121 1105 iis,
2172 1045 2335 1108 quae
2387 1024 2526 1087 illos
2577 1046 2755 1109 prae«

573 1124 814 1187 cedu'nt.
909 1123 1433 1187 Brandstaeterus
1456 1122 1502 1201 1)
1567 1123 1799 1186 scilicet
1863 1130 1930 1187 ut
1995 1123 2317 1188 consilium
2379 1146 2567 1209 supra
2632 1125 2756 1188 iam

572 1231 1120 1288 commemoratum
1194 1229 1509 1308 sequatur,
1580 1223 1807 1286 iterum
1879 1224 2158 1306 Vergilio
2230 1246 2418 1308 quam
2487 1226 2757 1309 plurima

573 1324 880 1407 derogans
933 1331 1143 1407 negat,
1193 1323 1374 1386 ludos
1440 1323 1546 1387 illo
1611 1330 1863 1386 auctore
1929 1345 2066 1387 esse
2128 1323 2486 1408 descriptos,
2552 1346 2758 1410 neque

573 1424 819 1488 dubitat
869 1425 1165 1504 HomerO,
1224 1425 1456 1508 quippe
1512 1424 1688 1487 cuius
1737 1424 2003 1503 vestigia
2058 1424 2178 1488 hac
2229 1425 2292 1486 in
2347 1424 2758 1508 descriptione

572 1524 742 1588 haud
808 1524 995 1588 dubie
1070 1530 1395 1609 apparent,
1466 1545 1573 1588 eas
1635 1531 1849 1609 partes
1914 1524 2186 1588 tribuere
2252 1544 2415 1606 quae
2476 1524 2757 1607 Vergilio

574 1646 642 1687 re
706 1646 856 1688 vera
928 1623 1337 1701 vindicandae
1412 1630 1570 1688 sunt.
1682 1624 1805 1688 Sed
1871 1646 2060 1708 quam
2124 1631 2293 1688 recte
2358 1623 2436 1688 de
2498 1626 2572 1687 iis
2636 1647 2757 1690 non

577 1724 961 1805 iudicaverit,
1005 1747 1038 1788 e
1081 1726 1251 1805 lociS,
1297 1746 1450 1809 quos
1495 1725 1864 1805 adscribam,
1909 1725 2323 1808 intellegetur.

740 1825 1018 1887 Primum
1053 1825 1214 1888 enim
1261 1831 1330 1887 ut
1362 1824 1610 1888 Aeneas
1654 1825 1744 1887 ita
1787 1824 1993 1910 Scipio
2036 1824 2117 1887 ad
2145 1826 2375 1888 milites
2418 1825 2758 1889 orationem

576 1924 789 2005 habet,
816 1946 960 2009 -qua
1005 1923 1152 1988 dicit
1206 1925 1492 1988 manibus
1548 1925 1746 2010 patris
1790 1930 1932 2009 post
1982 1946 2104 1987 non
2147 1925 2350 1988 nullos
2393 1924 2523 1988 dies
2566 1923 2760 2011 (apud

578 2025 684 2087 Sil.
741 2031 1000 2108 septem,
1067 2024 1235 2107 apud
1285 2024 1477 2103 Verg.
1531 2024 1781 2103 novem)
1844 2025 2024 2088 ludos
2082 2047 2148 2089 se
2203 2025 2526 2088 instituere
2582 2027 2761 2089 velle.

579 2126 756 2198 Quae
802 2124 998 2188 oratio
1042 2145 1153 2208 per
1199 2124 1475 2202 singulas
1518 2131 1729 2209 partes
1774 2131 1836 2187 et
1879 2125 1941 2195 in
1985 2125 2237 2187 Punicis
2282 2131 2343 2187 et
2385 2126 2446 2187 in
2482 2124 2760 2188 Aeneide

581 2224 798 2287 eodem
858 2223 1040 2287 modo
1098 2223 1396 2308 disposita
1453 2230 1575 2304 est3
1637 2222 1812 2307 apud
1862 2223 1967 2286 Sil.
2023 2224 2227 2309 Scipio
2286 2224 2363 2286 ad
2415 2225 2643 2287 milites
2696 2226 2760 2287 in

581 2324 875 2388 orationis
915 2323 1090 2386 initio
1135 2323 1281 2385 dicit

682 2468 813 2518 XVI
847 2464 973 2518 295:
1009 2469 1184 2517 mente
1219 2466 1392 2517 favete
1428 2466 1545 2532 pari

585 2612 747 2676 quae
793 2592 984 2655 verba
1026 2589 1277 2655 Aeneas
1321 2589 1488 2674 apud
1531 2589 1720 2669 Verg.
1765 2590 1828 2652 in
1871 2591 1994 2653 fine
2038 2590 2216 2653 facit:

682 2735 731 2784 V
766 2731 858 2786 71:
997 2751 1085 2786 ore
1121 2735 1295 2786 favete
1332 2741 1527 2786 omnes.

755 2858 913 2921 Tum
977 2865 1242 2942 uterque
1307 2858 1716 2921 certaminum
1788 2877 2021 2939 genera
2094 2856 2298 2937 edicit,
2368 2878 2491 2940 qua
2561 2857 2623 2919 in
2698 2879 2765 2920 re

586 2964 836 3042 praeter
878 2959 1070 3022 verba
1115 2957 1335 3021 eadem
1380 2957 1672 3040 loquendi
1716 2956 1916 3019 forma
1950 2957 2406 3040 verborumque
2451 2956 2767 3042 dispositio

587 3064 950 3142 usurpatur:

687 3193 819 3244 Aen.
855 3188 949 3241 67:
986 3191 1112 3250 Qui
1150 3230 1161 3241 .
1199 3229 1209 3239 .
1251 3228 1261 3238 .
1298 3190 1534 3241 valet.
1571 3229 1582 3240 .
1621 3228 1632 3240 .
1671 3188 1811 3256 (post
1846 3194 1951 3242 tres
1987 3190 2234 3251 versus).
2272 3230 2283 3240 .
2324 3230 2334 3240 .
2372 3230 2383 3243 .
2420 3191 2657 3242 adsint

688 3275 782 3326 Sil.
827 3270 952 3324 297:
990 3273 1113 3332 Qui
1151 3314 1161 3324 .
1199 3312 1209 3322 .
1249 3314 1260 3324 .
1296 3274 1577 3324 valent.
1617 3271 1684 3333 .(
1741 3293 1762 3315 »
1889 3293 1912 3315 »
2070 3294 2092 3316 »
2167 3273 2186 3334 )
2224 3313 2233 3322 .
2271 3314 2281 3324 .
2319 3313 2329 3324 .
2370 3316 2380 3326 .
2419 3275 2655 3326 adsint

591 3400 755 3485 quod
800 3398 1059 3463 verbum
1109 3396 1389 3478 „valent“
1452 3403 1844 3483 permutatur
1902 3397 2068 3481 apud
2125 3397 2230 3460 Sil.
2275 3400 2396 3461 299
2442 3399 2587 3461 cum
2636 3398 2769 3477 „cui

592 3521 732 3583 spes
775 3497 928 3577 est“,
970 3497 1139 3580 apud
1181 3497 1373 3580 Verg.
1419 3499 1496 3560 69
1548 3497 1691 3578 „qui
1731 3496 1923 3559 fidit“.

755 3599 829 3661 In
873 3596 1032 3661 haec
1068 3597 1370 3683 Scipionis
1414 3597 1606 3661 verba
1643 3596 1832 3662 Silius
1876 3619 1956 3660 ex
1999 3598 2121 3662 alio
2167 3599 2299 3661 loco
2345 3598 2770 3683 descriptionis

592 3698 998 3781 Vergilianae
1043 3718 1290 3761 versum
1332 3697 1723 3761 transtulisse
1768 3697 2031 3778 videtur,
2077 3698 2252 3760 cuius
2294 3699 2488 3761 verba
2544 3703 2769 3760 mutat:

693 3843 824 3893 Aen.
862 3839 986 3892 305:
1016 3806 1190 3891 Nemo
1227 3857 1292 3891 ex
1326 3841 1426 3890 hoc
1460 3856 1678 3890 numero
1715 3839 1845 3889 mihi
1880 3835 1982 3890 non
2007 3840 2244 3892 donatus
2279 3840 2460 3891 abibit.
2552 3851 2556 3855 ’

697 3924 786 3975 811.
866 3920 992 3999 302:
1028 3923 1139 3973 Nec
1176 3922 1453 3988 quisquam
1488 3922 1653 3973 nostri
1690 3922 1923 3973 discedet
1957 3924 2187 3975 muneris
2223 3940 2426 3989 expers

760 4046 1007 4110 Deinde
1050 4048 1115 4109 in
1157 4046 1336 4109 ludos
1392 4046 1555 4130 ipsos
1606 4045 1826 4110 iisdem
1870 4046 2001 4122 fere
2045 4048 2250 4112 verbis
2302 4045 2772 4109 introducimur:

768 4238 805 4301 l)
842 4258 891 4307 p.
927 4239 1008 4292 20.
