3264 4882
1474 377 1888 435 -24-.„

586 564 687 625 hic
732 563 1010 626 Drances
1055 563 1141 624 ibi
1184 563 1435 642 Hanno,
1482 563 1694 625 affert:
1754 562 2074 625 dissuadet
2127 564 2380 643 bellum,
2436 565 2600 646 quod
2644 566 2773 626 dux

587 664 753 726 solus
798 664 876 726 sit
920 663 1068 725 belli
1113 684 1319 725 causa.
1407 663 1548 736 Qua
1603 663 1663 724 in
1712 684 1778 725 re
1824 661 2010 724 Silius
2064 663 2327 725 formam
2371 663 2775 742 Vergilianae

588 764 882 825 orationis
928 763 1200 826 exhibet.
1245 762 1416 825 Dicit
1461 764 1625 826 enim
1661 762 1958 841 DranceS,
2002 784 2216 826 omnes
2259 763 2429 826 haud
2472 764 2778 847 ignorare,

588 884 653 925 se
696 884 816 925 non
865 863 999 941 sibi,
1058 862 1165 924 sed
1210 862 1352 924 duci
1409 863 1639 924 bellum
1688 883 1939 945 gerere3
1998 862 2105 925 sed
2163 863 2383 927 timore
2438 858 2774 927 adductum

586 962 842 1039 nullum,
888 961 1036 1046 quid
1083 962 1329 1041 sentiat,
1366 962 1558 1025 libere
1603 963 1882 1046 profiteri
1927 962 2189 1027 audere:

687 1113 820 1165 Aen.
859 1111 938 1161 XI
975 1108 1100 1161 344:
1147 1149 1554 1162 .........
1592 1113 1770 1162 cuncti
1804 1128 1858 1162 se
1893 1112 2025 1163 scire
2062 1113 2310 1177 fatentur,

1149 1193 1285 1253 Quid
1324 1193 1536 1244 fortuna
1571 1193 1708 1245 ferat
1743 1195 1942 1260 populi,
1977 1195 2067 1246 sed
2104 1195 2275 1247 dicere
2311 1202 2563 1248 mussant.

687 1327 778 1378 Sil.
827 1327 879 1376 II
924 1323 1045 1376 279:
1147 1326 1349 1375 Cuncta
1375 1325 1603 1391 quidem,
1631 1329 1825 1392 patrea
1853 1342 2024 1391 neque
2052 1328 2191 1377 enim
2217 1329 2461 1380 cohibere
2484 1331 2777 1382 minantum

1147 1408 1266 1459 Irae
1303 1423 1357 1458 se
1392 1409 1625 1469 valuere,
1657 1412 1904 1474 premunt
1938 1409 2218 1461 formidine
2253 1427 2451 1464 vocem.

752 1541 834 1605 Se
885 1546 1114 1619 autem,
1170 1541 1273 1603 vel
1330 1561 1440 1603 suo
1499 1561 1641 1602 cum
1696 1541 1991 1626 pericu10‚
2051 1542 2200 1623 quid
2262 1552 2475 1627 poscat
2534 1546 2776 1629 patriae

589 1642 775 1719 saluS,
822 1641 1028 1704 verbis
1073 1641 1425 1724 exprimere
1469 1640 1900 1704 dubitaturum
1942 1663 2065 1704 non
2110 1663 2274 1706 esse:

662 1770 818 1843 ΙἈθη.
845 1788 970 1842 348;
1007 1778 1194 1842 Dicam
1243 1790 1504 1857 equidem,
1570 1792 1587 1840 l
1611 1791 1627 1840 i
1652 1807 1679 1842 c
1703 1808 1731 1842 e
1755 1795 1776 1841 t
1828 1808 1860 1842 a
1884 1809 1909 1841 ι·
1930 1809 1982 1841 m
2002 1809 2035 1842 a
2088 1794 2216 1843 mihi
2283 1811 2336 1843 m
2360 1811 2390 1843 o
2415 1811 2440 1844 ι·
2463 1797 2483 1843 t
2507 1811 2535 1845 e
2559 1812 2612 1844 m
2636 1811 2669 1860 q
2694 1812 2728 1844 u
2752 1812 2779 1845 e

1518 1881 1520 1883 ’
2079 1883 2081 1885 ’
2102 1875 2342 1926 minetur.
2380 1871 2648 1935 (Turnus).

689 1957 780 2009 Sil.
805 1955 900 2008 281
922 1974 933 2007 :
1004 1957 1163 2008 Haud
1188 1960 1366 2008 tamen
1391 1956 1701 2018 abstiterim,
1729 1973 1781 2005 m
1797 1972 1827 2006 o
1844 1960 2011 2008 rtem
2036 1956 2190 2006 licet
2214 1973 2385 2007 arma
2410 1957 2782 2024 propinquent.

757 2090 1077 2152 Summam
1136 2089 1432 2165 orationis
1484 2089 1681 2172 ipsius
1734 2088 1899 2171 apud
1945 2095 2279 2172 utrumque
2325 2089 2587 2153 eandem
2646 2112 2780 2154 esse

593 2195 1079 2252 consentaneum
1126 2195 1247 2251 est:
1311 2187 1547 2251 Desine
1602 2187 1840 2250 bellum
1897 2208 2117 2269 gerere
2159 2209 2317 2251 neve
2361 2190 2626 2273 proicias
2671 2212 2780 2254 nos

592 2290 653 2350 in
699 2288 1064 2374 perniciem:

692 2440 826 2491 Aen.
863 2438 987 2491 365:
1033 2479 1044 2490 .
1084 2481 1094 2491 .
1133 2478 1143 2488 .
1182 2478 1215 2514 ,Ι
1231 2477 1487 2491 ......
1527 2438 1773 2490 miserere
1810 2443 2021 2490 tuorum

1024 2524 1168 2574 Pone
1204 2522 1408 2573 animos
1443 2525 1495 2573 et
1530 2523 1715 2588 pulsus
1750 2521 1853 2572 abi.
1924 2521 2015 2572 Sat
2050 2522 2237 2572 funera
2274 2523 2375 2572 fusi

1023 2605 1269 2656 Vidimus
1306 2605 1545 2672 ingentes
1581 2606 1634 2656 et
1670 2605 2022 2655 desolavimus
2058 2620 2229 2671 agros,

694 2688 783 2739 Sil.
829 2685 954 2738 325:
1027 2689 1080 2738 Si
1114 2687 1258 2739 bello
1295 2688 1520 2745 absistis,
1557 2704 1654 2738 nec
1690 2691 1741 2738 te
1778 2687 2063 2744 victoribus
2100 2687 2273 2750 offers,

1024 2771 1310 2833 Quantum,
1345 2771 1467 2832 heu,
1505 2770 1795 2837 Carthago,
1831 2770 1994 2820 donat
2028 2770 2124 2820 tibi
2160 2772 2430 2837 sanguinis
2466 2771 2726 2823 Hannon!

719 2903 860 2987 ,Ira
924 2903 1230 2987 impulsus
1301 2902 1470 2986 apud
1533 2902 1722 2980 Verg.
1790 2902 2039 2964 Turnus
2105 2902 2448 2965 orationem
2515 2903 2789 2980 Drancis,

592 3003 1013 3087 interrumpit:
1787 3019 1792 3024 ’

692 3152 825 3208 Aen.
862 3149 987 3202 377:
1024 3153 1130 3203 Dat
1164 3153 1419 3220 gemitum
1456 3152 1759 3218 rumpitque
1794 3153 1893 3203 has
1929 3152 2280 3218 imo·pectore
2316 3170 2484 3206 voces,

755 3284 942 3347 Hanc
972 3284 1238 3366 Vergilii
1279 3284 1651 3347 sententiam
1681 3283 1870 3346 Silius
1907 3285 1995 3347 ita
2026 3291 2249 3364 mutat,
2292 3293 2361 3347 ut
2405 3287 2482 3349 de
2514 3286 2779 3350 Gestare
2829 3332 2833 3335 <

593 3384 655 3445 in
699 3385 832 3447 loco
874 3384 1251 3451 Hannibalis
1296 3384 1572 3447 absentis
1616 3384 1912 3467 loquente
1956 3383 2153 3447 dicat:

694 3534 783 3584 Sil.
821 3532 946 3585 328:
1546 3534 1883 3600 mediamque
1918 3535 2184 3600 loquentis

991 3617 1080 3666 Bis
1113 3621 1333 3668 conatus
1368 3621 1481 3668 erat
1517 3617 1780 3668 turbando
1817 3634 2060 3684 rumpere
2095 3635 2292 3670 vocem.

756 3867 798 3929 J
800 3888 901 3928 am
931 3889 1053 3930 non
1081 3867 1284 3929 nullos
1312 3867 1691 3930 Punicorum
1720 3867 1887 3929 locos
1918 3867 2319 3948 enumerabo,
2353 3868 2458 3951 qui
2495 3868 2780 3951 quamvis

596 3989 633 4028 a
662 3967 811 4029 Silio
856 3967 935 4030 ad
980 3967 1341 4050 exemplum
1378 3965 1677 4029 Aeneidis
1721 3967 2043 4050 compositi
2082 3968 2206 4029 sint
2244 3974 2456 4030 tamen
2491 3968 2659 4030 omni
2698 3990 2779 4031 ex

595 4073 772 4147 parte
818 4085 954 4129 cum
999 4067 1366 4149 Vergiliano
1423 4066 1698 4128 carmine
1744 4068 2090 4151 comparari
2147 4089 2268 4131 non
2314 4047 2778 4154 possunt,·‹'1uia

593 4166 818 4228 variati
861 4173 1022 4246 sunt,
1065 4162 1195 4230 sive
1240 4166 1403 4248 quod
1448 4167 1637 4230 Silius
1680 4173 1924 4230 mutare
1969 4168 2165 4231 voluit
2209 4169 2338 4231 sive
2383 4168 2529 4251 quia
2574 4189 2675 4231 res
2717 4169 2779 4230 in

594 4266 845 4329 Punicis
886 4267 1245 4352 propositae
1287 4266 1570 4330 diversae
1615 4273 1776 4330 sunt.
1862 4267 2105 4330 Deinde
2148 4288 2352 4350 pauca
2396 4267 2674 4345 afferam,
2716 4269 2780 4330 in
