3264 4882
1481 376 1897 436 „12-

695 557 847 611 Aen:
864 558 999 609 VIII
1033 554 1123 609 61:
1161 595 1420 610 ......
1456 558 1589 608 1111111
1623 556 1792 610 victor
1825 561 2152 613 honorem

1096 646 1115 665 '
1155 641 1541 695 Persolves.
1609 642 1749 710 Ego
1798 658 1939 694 sum
1974 682 1987 694 .
2024 683 2036 695 .
2072 682 2085 695 .
2122 682 2135 694 .

694 725 786 778 Sil.
820 725 898 776 IV
934 721 1056 776 738:
1157 723 1323 776 Nobis
1358 727 1727 791 persolves
1762 726 1977 778 meritos
2013 743 2226 779 securus
2261 730 2503 792 honores,

1155 807 1400 874 Namque
1447 825 1570 877 ego
1619 824 1762 860 sum
1796 848 1810 861 .
1848 850 1859 862 .
1896 850 1908 862 .
1944 849 1957 862 .
2391 812 2394 813 ⁷

759 939 872 1003 VI.
930 939 1123 1025 Apud
1177 939 1530 1023 Vergilium
1584 938 1839 1004 Aeneas
1895 944 2257 1006 vulneratus
2311 943 2378 1006 in
2432 950 2641 1008 castra
2697 945 2779 1009 ab

593 1039 866 1127 Ascanio
909 1040 1170 1121 aliisque
1214 1039 1475 1103 ducibus
1516 1039 1837 1104 reducitur
1883 1042 2096 1124 ibique
2140 1065 2180 1106 a
2220 1042 2461 1108 medico
2496 1038 2779 1108 sanatur.

593 1139 781 1203 Hanc
807 1139 1108 1204 Aeneidis
1150 1161 1443 1204 scaenam
1475 1139 1665 1204 Silius
1692 1147 2016 1205 mutuatus
2061 1130 2154 1207 est
2180 1143 2521 1226 Magonem
2562 1145 2779 1207 vulne-

487 1319 492 1323 ,
593 1246 802 1303 ratum
846 1246 908 1302 et
951 1240 1031 1303 ab
1073 1239 1433 1304 Hannibale
1484 1241 1549 1304 in
1593 1247 1801 1304 castra
1843 1241 2169 1306 reductum
2210 1243 2483 1326 fingens3
2535 1265 2659 1328 qua
2713 1246 2778 1307 in

594 1361 662 1403 re
705 1361 869 1424 quae
911 1339 1230 1423 Vergilius
1273 1340 1351 1404 de
1391 1340 1619 1404 medici
1669 1340 2006 1404 virtutibus
2060 1340 2125 1403 in
2174 1343 2535 1406 universum
2579 1343 2778 1425 effert,

594 1439 765 1525 apud
800 1439 1050 1504 'Silium
1120 1461 1234 1525 per
1295 1447 1507 1523 partes
1571 1439 1886 1525 descripta
1949 1439 2350 1504 inveniuntur
2416 1441 2601 1522 (Aen,
2650 1443 2779 1507 VH

594 1542 942 1604 391—404.
978 1578 1061 1587 —
1101 1540 1208 1604 Sil.
1239 1540 1301 1604 V
1332 1538 1703 1616 352—368).
1767 1539 1987 1602 Silium
2031 1545 2244 1602 autem
2284 1539 2452 1604 hunc
2479 1541 2779 1607 Aeneidis
2866 1571 2871 1576 ·

593 1638 799 1705 locum
841 1641 1140 1705 imitando
1186 1642 1538 1726 exprimere
1567 1640 1857 1719 voluisse,
1897 1640 1974 1702 iis
2000 1639 2156 1703 mihi
2190 1641 2339 1703 satis
2368 1639 2781 1705 demonstrari

592 1740 860 1821 videtur,
921 1759 1084 1822 quae
1139 1741 1288 1829 dicit
1343 1741 1419 1803 de
1484 1740 1766 1804 hostibus
1828 1740 2234 1822 imperatores
2290 1740 2596 1805 abeuntes
2650 1762 2779 1805 cer-

593 1841 900 1904 nentibus.
984 1840 1201 1904 Utitur
1257 1841 1420 1905 enim
1477 1840 1700 1903 iisdem
1753 1839 1960 1903 verbis
2017 1839 2486 1924 sententiisque,
2552 1841 2779 1924 quibus

591 1941 948 2025 Vergilius:
1710 1938 1715 1942 ’

691 2091 828 2146 Aen.
862 2092 971 2144 XII
1004 2089 1132 2144 324:
1188 2093 1397 2143 Turnus
1431 2095 1490 2143 ut
1523 2091 1768 2167 'Aeneam
1799 2090 2158 2143 cedentem
2192 2108 2271 2143 ex
2306 2091 2578 2160 agmine
2613 2090 2745 2142 vidit

1190 2175 1656 2241 Turbatosque
1691 2174 1850 2226 duces
1885 2211 2145 2226 ......

1186 2259 1428 2310 Poscit
1473 2273 1701 2324 equos.

692 2342 783 2395 Sil.
818 2342 868 2393 V
898 2339 1024 2395 376:
1134 2352 1137 2357 ²
1183 2342 1333 2402 Quae
1369 2340 1495 2392 dum
1530 2341 1855 2392 turbatos
1890 2342 2137 2391 avertunt
2171 2356 2400 2406 aequore
2435 2342 2610 2408 campi

1184 2425 1446 2478 Ductores
1480 2423 1730 2491 valloque
1766 2425 1962 2486 tenent,
1998 2439 2076 2476 ex
2111 2423 2382 2493 agmine
2416 2424 2655 2477 Poenum

1076 2582 1080 2585 .
1189 2509 1563 2562 cedentem
1598 2508 1831 2561 consul.
1867 2547 1881 2561 .
1918 2547 1931 2560 .
1964 2547 1977 2560 .
2014 2510 2314 2575 speculatus
2350 2546 2362 2558 .
2398 2547 2412 2561 .
2448 2549 2461 2561 .

1191 2630 1450 2647 ......
1487 2589 1628 2659 (post
1664 2593 1914 2657 quattuor
1946 2588 2149 2653 versus)
2186 2631 2198 2644 .
2234 2630 2248 2643 .
2282 2632 2295 2645 .
2331 2630 2344 2644 .
2382 2631 2394 2644 .
2433 2628 2446 2643 .

1190 2675 1430 2729 Poscit
1476 2691 1737 2741 equum.

758 2809 843 2873 Et
893 2810 957 2873 in
1005 2831 1212 2891 versu,
1263 2810 1375 2873 ubi
1424 2808 1651 2873 medici
1701 2808 1998 2874 vestitum
2050 2807 2357 2889 describit,
2404 2807 2776 2895 Vergiliana

592 2910 723 2974 fere
766 2910 962 2979 ¹verba
1003 2911 1295 3002 praebet:

692 3060 825 3113 Aen.
861 3060 971 3112 XII
1004 3058 1132 3114 400:
1172 3099 1632 3115 ..........
1671 3060 1760 3113 ille
1794 3025 2066 3113 retorto

1171 3146 1464 3197 Paeonium
1499 3145 1566 3197 in
1600 3162 1847 3197 morem
1884 3144 2387 3197 senior-succinctus
2422 3145 2684 3199 amictu

792 3227 882 3280 Sil.
918 3228 968 3279 V
1002 3225 1129 3281 367:
1171 3267 1184 3279 .
1221 3229 1578 3282 ‚intortos
1614 3229 1693 3282 de
1721 3245 1904 3282 more·
1936 3229 2218 3281 adstrictus
2252 3230 2564 3281 amictus.

757 3360 903 3425 VII.
931 3360 1358 3425 Hannibalem
1388 3367 1483 3425 ter
1510 3362 1742 3425 frustra
1769 3361 2037 3425 Romam
2067 3382 2435 3446 expugnare
2465 3367 2776 3442 conatum,

592 3467 688 3525 ter
729 3467 1105 3546 tempestate
1161 3483 1199 3524 a
1240 3461 1398 3526 Jove
1452 3462 1645 3540 missa
1696 3461 2026 3546 depulsum
2079 3461 2122 3525 J
2123 3484 2247 3526 uno
2300 3447 2527 3544 movet,
2583 3468 2654 3525 ut
2695 3462 2780 3526 ab

592 3562 747 3625 urbe
775 3560 1045 3625 recedat.
1086 3562 1439 3643 Rationem,
1470 3584 1596 3647 qua
1625 3563 1789 3627 hanc
1818 3562 2107 3627 carminis
2136 3568 2380 3649 partem
2410 3562 2776 3648 composuit,

593 3660 782 3725 Silius
836 3667 1035 3726 totam
1089 3661 1275 3727 debet
1316 3662 1621 3746 Vergilio,
1689 3664 1796 3748 qui
1860 3664 2076 3727 eodem
2138 3663 2322 3728 modo
2375 3663 2662 3727 Aeneam
2712 3658 2776 3725 in

594 3762 818 3826 Troiae
861 3763 1327 3847 expugnatione
1370 3784 1512 3826 cum
1546 3763 1805 3827 Graecis
1849 3771 2235 3849 pugnantem
2278 3785 2313 3827 e
2358 3764 2695 3828 certamine
2738 3786 2778 3827 a
2882 3767 2887 3772 “

594 3860 843 3926 Venere
885 3862 1112 3927 deduci
1152 3863 1347 3942 fingit.
1411 3862 1605 3949 Apud
1645 3849 1979 3949 utrumq'iie
2029 3864 2148 3929 dea
2197 3887 2322 3930 non
2355 3870 2626 3946 mutata,
2669 3861 2779 3927 sed

598 3981 710 4023 sua
752 3962 951 4027 forma
992 3964 1128 4027 usa'
1153 3965 1285 4028 adit
1326 3964 1550 4029 ducem

696 4110 829 4165 Aen.
863 4114 919 4165 H
961 4110 1087 4167 591:
1124 4154 1136 4168 .
1174 4152 1186 4165 .
1224 4153 1236 4166 .
1271 4115 1512 4167 confessa
1546 4115 1702 4180 deam
1738 4117 2015 4183 qualisque
2049 4116 2218 4173 videri

952 4271 959 4276 ἱ
1123 4198 1402 4251 anlicolis
1436 4202 1489 4251 et
1525 4202 1725 4265 quanta
1760 4202 1893 4252 solet

699 4277 790 4331 Sil.
820 4280 928 4333 XII
961 4278 1087 4337 705:
1123 4317 1136 4332 .
1173 4320 1186 4335 .
1222 4299 1452 4353 veroque
1487 4283 1736 4354 apparuit
1771 4300 1860 4340 ore
