3264 4882
637 558 700 640 2)
743 558 910 623 Ante
952 564 1216 622 mortem
1249 530 1419 620 'Dido
1460 555 1576 620 has
1619 554 1884 619 effundit
1924 578 2140 621 voces:

571 708 706 762 Aen.
741 709 818 760 IV
853 705 980 760 651:
1038 708 1234 759 Dulces
1270 705 1508 769 exuviae,
1544 705 1670 756 dum
1705 706 1818 757 fata
1854 706 2087 772 deusque
2122 707 2383 770 sinebant,

1034 790 1274 856 Accipite
1308 789 1446 839 hanc
1481 789 1716 840 animam
1751 806 1940 856 meque
1975 790 2059 841 his
2092 790 2347 842 exsolvite
2383 791 2539 843 curis.

1035 873 1165 924 Vixi
1197 876 1249 925 et
1284 888 1441 937 quem
1476 872 1694 925 dederat
1729 888 1939 923 cursum
1974 873 2211 924 Fortuna
2245 873 2445 941 peregi,

1036 957 1102 1007 Et
1138 971 1276 1006 nunc
1310 972 1506 1022 magna
1542 956 1647 1006 mei
1682 955 1778 1006 sub
1815 958 1979 1006 terras
2014 956 2111 1006 ibit
2145 957 2337 1023 imag0.

580 1043 670 1093 Sil.
706 1042 842 1093 VIII
878 1038 1001 1092 141:
1036 1040 1105 1090 Di
1139 1040 1329 1105 longae
1365 1039 1549 1102 noctis,
1586 1054 1810 1105 quorum
1845 1037 1951 1098 iam
1986 1039 2203 1089 numina
2239 1039 2390 1090 nobis

958 1116 961 1117 ⁷
1034 1123 1179 1175 Mors
1210 1122 1412 1173 instans
1447 1122 1650 1173 maiora
1686 1121 1828 1184 facit,
1864 1137 2065 1187 precor,
2100 1121 2288 1186 inquit,
2322 1121 2519 1186 adeste,

1032 1206 1100 1257 Et
1134 1204 1333 1272 placidi
1368 1205 1532 1256 victos
1566 1195 1755 1257 ardore
1789 1204 2050 1256 admittite
2085 1221 2282 1257 manes.

1035 1290 1250 1340 Aeneae
1286 1289 1532 1352 coniunx,
1569 1288 1789 1339 Veneris
1824 1304 2005 1351 nurus,
2038 1289 2152 1340 ulta
2187 1289 2451 1353 maritum,

1037 1371 1165 1422 Vidi
1199 1374 1524 1422 constructas
1558 1374 1768 1422 nostrae
1805 1370 2140 1438 Carthaginis
2176 1386 2323 1422 arces

1035 1455 1189 1507 Nunc
1226 1455 1294 1506 ad
1328 1469 1421 1504 vos
1456 1453 1639 1520 magni
1674 1453 1951 1505 descendet
1987 1453 2220 1520 corporis
2254 1454 2458 1505 umbra.

639 1597 703 1676 3)
745 1596 910 1659 Dido
953 1603 1196 1659 mortua
1239 1594 1574 1676 reperitur:

572 1739 706 1791 Aen.
741 1739 819 1790 IV
852 1736 977 1790 664:
1035 1736 1356 1805 Conlapsam
1391 1736 1656 1802 aspiciunt
1690 1736 1905 1788 comites
1941 1776 2198 1789 ......

638 1834 644 1840 ’
1037 1858 1395 1873 ........
1433 1820 1473 1872 it
1510 1821 1712 1871 clamor
1746 1818 1814 1870 ad
1850 1820 1960 1870 alta

1032 1903 1188 1954 Atria
1223 1941 1533 1955 .......
1552 1939 1586 1961 ,.
1621 1942 1634 1954 .

1032 1987 1302 2038 Lamentis
1336 1986 1643 2053 gemituque
1679 1988 1730 2035 et
1765 1984 1992 2037 femineo
2027 1986 2236 2036 ululatu

1032 2070 1195 2122 Tecta
1230 2069 1476 2134 fremunt,
1511 2071 1724 2120 resonat
1758 2069 1963 2135 magnis
1997 2068 2342 2136 plangoribus
2376 2070 2576 2122 aether.

570 2155 660 2206 Sil.
696 2154 833 2205 VIII
867 2149 988 2205 151:
1032 2153 1293 2205 Viderunt
1329 2153 1561 2215 comites,
1595 2152 1837 2218 tristique
1873 2168 1967 2217 per
2002 2152 2137 2202 atria
2172 2153 2390 2218 planctu

1033 2235 1381 2300 Concurrunt,
1414 2235 1622 2303 magnis
1657 2238 1906 2286 resonant
1939 2234 2229 2289 ululatibus
2263 2234 2420 2287 aedes

636 2384 701 2464 4)
744 2385 885 2459 Qua
929 2405 996 2449 re
1040 2383 1326 2472 nuntiata
1369 2381 1555 2447 Anna
1600 2383 1931 2465 accelerat:

568 2544 701 2595 Aen.
736 2543 813 2594 IV
848 2540 974 2595 672:
1032 2542 1218 2593 Audiit
1252 2542 1510 2610 exanimis
1545 2541 1858 2608 trepidoque
1894 2542 2146 2593 exterrita
2181 2558 2336 2593 cursu

1031 2625 1309 2692 Unguibus
1344 2641 1437 2676 ora
1472 2641 1619 2676 soror
1654 2623 1873 2676 foedans
1908 2627 1960 2675 et
1995 2627 2209 2690 pectora
2245 2625 2437 2692 pugnis

1028 2708 1131 2759 Per
1164 2708 1363 2759 medios
1399 2709 1503 2759 ruit
1537 2726 1600 2760 ac
1635 2709 1945 2760 morientem
1980 2709 2191 2760 nomine
2227 2709 2437 2760 clamat.

567 2792 658 2844 Sil.
695 2791 828 2842 VIII
865 2787 988 2842 153:
1031 2791 1230 2857 Accepi
1263 2790 1466 2855 infelix,
1504 2792 1735 2857 dirisque
1771 2792 2023 2843 exterrita
2058 2791 2182 2842 fatis

1031 2872 1138 2926 Ora
1173 2891 1336 2925 manu
1370 2875 1624 2938 lacerans,
1661 2874 1935 2941 lymphato
1971 2874 2118 2941 regia
2153 2889 2310 2925 cursu

1026 2957 1189 3009 Tecta
1225 2961 1363 3026 pet0,
1399 2959 1671 3023 celsosque
1705 2957 1901 3025 gradus
1933 2956 2159 3026 evadere
2194 2957 2347 3009 nitor.

633 3105 697 3184 5)
740 3108 918 3181 Quae
959 3107 1276 3186 Vergilius
1318 3106 1466 3169 dicit
1506 3107 1584 3171 de
1628 3106 1874 3170 Didone
1921 3106 2308 3187 moribunda,
2351 3106 2538 3171 Silius
2578 3109 2643 3171 in

466 3205 715 3269 Annam
759 3208 1055 3272 transfert
1095 3215 1338 3270 mutata
1382 3208 1651 3292 quidem,
1694 3207 1803 3271 sed
1847 3208 1954 3288 ita,
1997 3212 2067 3270 ut
2109 3208 2378 3272 colorem
2416 3208 2641 3292 Vergi-

464 3308 699 3371 lianum
743 3308 993 3373 difficile
1035 3330 1158 3372 non
1203 3309 1280 3372 sit
1320 3309 1716 3392 intellegere:
2083 3333 2087 3336 ¹

562 3477 695 3528 A‘en.
715 3477 809 3527 -IV
843 3474 968 3528 690:
1028 3476 1131 3528 Ter
1164 3493 1275 3528 sese
1310 3477 1538 3528 attolens
1573 3476 1856 3543 cubitoque
1893 3476 2089 3528 adnixa
2127 3477 2321 3528 levavit

1024 3560 1126 3611 Ter
1161 3561 1401 3611 revoluta
1434 3563 1600 3610 torost
1636 3598 1897 3611 ......

560 3642 651 3694 Sil.
687 3642 820 3693 VIII
857 3639 976 3694 156:
1021 3643 1123 3694 Ter
1159 3643 1270 3694 diro
1306 3643 1511 3694 fueram
1546 3647 1738 3694 conata
1772 3642 2075 3694 incumbere
2109 3642 2249 3693 ferro

1022 3725 1125 3777 Ter
1159 3726 1324 3778 cecidi
1358 3727 1636 3778 exanimae
1671 3726 1919 3777 membris
1953 3728 2191 3778 revoluta
2226 3727 2431 3778 sororis,

624 3875 736 3938 IV.
780 3873 960 3938 Alius
1004 3876 1251 3959 generis
1294 3882 1437 3940 sunt
1479 3876 1638 3940 haec
1683 3877 2006 3962 exempla:

493 4023 545 4088 1)
569 4025 990 4080 Aen.V111364:
1023 4066 1329 4078 .......
1367 4032 1418 4078 et
1455 4030 1518 4079 te
1555 4044 1827 4095 quoque
1862 4028 2141 4095 dignum

575 4141 579 4146 -
1020 4111 1235 4178 Finge
1271 4111 1367 4162 deo

624 4193 715 4246 Sil.
747 4194 826 4245 VI
858 4192 987 4246 537:
1022 4195 1115 4245 Tu
1151 4211 1420 4261 quoque
1456 4233 1668 4247 .....
1705 4195 1986 4263 dignum
2023 4197 2086 4247 te

1018 4275 1312 4346 Fingere
1350 4295 1453 4331 non
1489 4294 1635 4333 cessa
