3264 4882
1419 364 1790 423 ...9—

515 548 737 612 iisdem
788 547 919 623 fere
970 545 1196 626 verbis,
1241 543 1467 628 quibus
1508 543 1855 626 Vergilius:
1915 542 2172 623 „Ordior
2222 542 2456 625 arma“,
2503 544 2545 608 J
2547 567 2695 628 uno-

514 669 656 712 nem
699 646 890 711 infert
933 645 1091 710 sieut
1119 643 1438 727 Vergilius
1481 643 1837 707 instituerat
1864 638 2164 707 Romanis
2206 643 2693 728 infestissimam,

515 745 1134 826 Carthaginiensibus
1172 743 1629 823 amicissimam,
1660 765 1784 827 qua
1822 744 1886 806 in
1922 765 1989 807 re
2028 743 2228 808 forma
2259 767 2297 808 a
2327 743 2478 808 Silio
2518 743 2694 808 usur'·

512 854 666 931 pata
711 846 860 911 satis
902 844 1222 928 probatur,
1264 845 1469 907 locum
1504 843 1942 926 Vergilianum
1984 844 2075 907 illi
2117 851 2263 908 ante
2307 831 2694 908 oeulos‘Ver-

513 955 717 1012 satum
762 967 914 1010 esse.
997 945 1279 1026 Uterque
1336 943 1499 1007 enim
1559 942 1727 1023 dicit,
1774 940 2224 1026 Carthaginem
2265 943 2307 1007 J
2310 945 2499 1008 unoni
2552 966 2694 1029 gra-

511 1049 816 1112 tissimam
845 1066 982 1110 esse
1015 1044 1246 1126 sedem,
1288 1044 1395 1106 ubi
1426 1064 1727 1127 magnum
1756 1048 2104 1128 potensque
2137 1065 2400 1127 regnum
2430 1044 2694 1116 condere

511 1147 812 1214 voluerit:
2165 1160 2171 1164 ·

611 1315 743 1367 Aen.
780 1314 805 1364 Ι
832 1309 925 1365 15:
977 1312 1150 1373 Quam
1192 1306 1616 1376 (Carthaginem)
1650 1309 1685 1360 J
1688 1325 1794 1359 uno
1836 1309 2005 1363 fertur
2045 1309 2199 1361 terris
2241 1311 2409 1378 magis
2453 1312 2695 1364 omnibus

975 1476 1287 1529 Posthabita
1322 1475 1545 1526 coluisse
1580 1474 1738 1527 Samo
1774 1512 1787 1525 .
1823 1513 1836 1525 .
1872 1513 1884 1525 .
2245 1549 2247 1551 ‚
2367 1411 2528 1447 unam

976 1596 1237 1614 ......
1270 1559 1371 1609 11οο
1406 1574 1628 1625 regnum
1664 1557 1764 1609 dea
1798 1558 2044 1625 gentibus
2079 1575 2191 1611 esse

931 1642 952 1665 ⁸
974 1680 1231 1697 ......
1266 1641 1540 1706 tenditque
1575 1640 1826 1707 fovetque

552 1712 557 1716 ὁ
645 1752 735 1804 Sil.
769 1752 797 1802 I
825 1748 919 1802 26:
971 1750 1074 1801 Hie
1108 1749 1268 1812 June,
1303 1752 1426 1800 ante
1461 1748 1635 1816 Argos
1671 1746 1769 1810 (sio
1806 1718 2033 1800 eredidit
2061 1750 2172 1801 alta
2205 1749 2461 1813 vetustas)

974 1833 1115 1895 Ante
1150 1832 1629 1900 Agamemnoniam
1664 1832 1963 1899 gratissima
1998 1835 2138 1884 teeta
2159 1832 2429 1897 'Mycenen

978 1915 1197 1983 Optavit
1231 1915 1468 1984 profugis
1503 1918 1776 1968 aeternam
1811 1916 2035 1967 condere
2070 1919 2300 1983 gentem.

675 2067 758 2130 ΙΙ.
816 2067 959 2141 Qua
1009 2087 1096 2146 re,
1153 2063 1319 2149 quod
1362 2063 1492 2130 fato
1547 2063 1665 2128 hoe
1706 2084 1971 2145 regnum
2025 2064 2164 2129 fieri
2217 2069 2485 2146 vetatur,
2527 2065 2694 2130 Juno

513 2167 814 2232 Romanis
854 2166 1104 2229 inimica
1146 2163 1484 2250 perniciem
1537 2185 1765 2246 parare
1808 2170 2084 2245 conatur,
2128 2164 2296 2249 apud
2340 2164 2695 2249 Vergilium

515 2269 596 2333 ab
637 2268 836 2333 Aeolo
879 2270 1120 2352 petens,
1161 2271 1231 2328 ut
1272 2264 1476 2328 ventis
1520 2263 1937 2328 contundatur
1979 2262 2239 2328 Aeneae
2282 2265 2528 2330 elassis:

776 2435 804 2486 I
836 2431 929 2486 67:
963 2434 1125 2486 Ilium
1160 2434 1214 2485 in
1249 2433 1467 2486 Italiam
1501 2435 1720 2500 portans
1755 2432 2028 2499 victosque
2062 2435 2297 2501 penates·

514 2584 702 2649 Silius
743 2584 825 2647 ad
866 2583 1034 2647 hune
1074 2604 1327 2647 versum
1369 2587 1657 2665 spectans
1698 2582 1797 2645 his
1838 2580 2075 2646 verbis:
2139 2599 2146 2606 ·

776 2751 804 2802 Ι
836 2747 930 2802 42:
964 2751 1211 2802 Intulerit
1243 2750 1417 2814 Latio,
1451 2753 1640 2817 spreta.
1663 2767 1765 2812 me,
1801 2749 2004 2815 TroiuS,
2038 2751 2211 2817 inquit
2246 2749 2303 2813 (J
2306 2751 2433 2813 uno)

974 2834 1140 2885 Exsul
1173 2834 1517 2896 Dardaniam,
1552 2837 1605 2886 et
1639 2834 1720 2885 bis
1755 2835 1973 2886 numina
2008 2837 2166 2901 capta
2200 2837 2435 2901 penates.

509 2966 553 3031 J
553 2988 826 3030 unonem
896 2987 1085 3050 quam
1166 2967 1513 3030 maximum
1583 2967 2026 3031 detrimentum
2103 2968 2474 3060 inferentem
2545 2969 2696 3032 facit

511 3066 1061 3151 Hannibalemque
1105 3065 1186 3129 ab
1231 3088 1307 3130 ea
1349 3067 1413 3128 in
1454 3067 1772 3131 Romanos
1817 3068 2288 3132 exstimulatum
2330 3069 2530 3152 fingit.

676 3166 792 3231 ΠΙ.
848 3167 1030 3249 Tum,
1060 3188 1202 3230 eum
1229 3167 1531 3231 Romanis
1574 3167 1684 3230 illa
1713 3168 1907 3253 pestis
1939 3168 2117 3248 adsit,
2138 3168 2357 3232 Venus
2388 3169 2695 3233 auxilium.

511 3266 552 3330 J
556 3267 688 3330 ovis
727 3267 884 3352 petit
926 3273 989 3331 et
1019 3267 1407 3353 apud'Verg.
1435 3268 1468 3331 Ι
1499 3271 1620 3331 229
1667 3275 1730 3332 et
1773 3267 1940 3352 apud
1971 3267 2076 3331 Sil.
2110 3267 2211 3331 III
2241 3271 2382 3350 557,
2427 3290 2694 3354 quarum

512 3388 769 3452 precum
811 3362 1250 3447 argumentum
1291 3368 1461 3452 apud
1503 3376 1840 3454 utrumque
1893 3368 2062 3432 idem
2105 3368 2449 3453 eademque
2493 3369 2693 3433 forma

510 3488 878 3552 expressum
920 3474 1030 3536 est.

612 3634 744 3687 Aen.
803 3636 831 3686 I
863 3632 986 3689 241:
1021 3676 1034 3690 .
1059 3677 1072 3689 .
1098 3676 1110 3689 .
1146 3653 1302 3703 quem
1337 3637 1433 3689 das
1466 3638 1643 3702 finem,
1678 3654 1771 3689 rex
1805 3653 2013 3705 magne,
2048 3637 2332 3688 laborum?

613 3717 706 3770 Sil.
740 3718 825 3769 111
857 3715 982 3771 559:
1019 3719 1149 3780 Quis
1183 3735 1387 3786 poenae
1422 3721 1609 3772 modus
1645 3724 1738 3773 aut
1772 3720 2029 3788 pereundi
2063 3720 2332 3784 termium,
2369 3736 2459 3771 oro

1204 3803 1469 3856 Aeneadis
1503 3804 1640 3855 erit?

513 3951 694 4025 Quae
720 3950 764 4015 J
766 3951 1014 4034 uppiter
1042 3952 1189 4015 huie
1216 3953 1571 4036 respondet,
1614 3953 1784 4035 apud
1812 3959 2145 4038 utrumque
2185 3957 2439 4034 poetam
2469 3950 2689 4014 eadem

515 4055 659 4113 sunt
701 4051 1041 4137 eodemque
1098 4052 1309 4117 ordine
1361 4054 1680 4117 collocata.
1766 4053 2138 4117 Consolatur
2194 4053 2357 4115 enim
2399 4051 2692 4136 Juppiter

513 4149 827 4216 Venerem
869 4151 1039 4216 hisee
1080 4153 1317 4217 verbis:
1364 4152 1532 4239 apud
1560 4153 1753 4236 Verg.
1783 4152 1816 4215 I
1857 4155 2005 4216 257:
2048 4152 2248 4216 Parce
2290 4159 2479 4233 metu,
2521 4151 2689 4233 apud

515 4249 622 4319 Sil.
641 4250 739 4318 ΙΠ
762 4254 910 4319 571:
948 4252 1126 4320 Pelle
1155 4259 1390 4335 metus3
1419 4275 1567 4321 nam
1596 4254 1822 4336 omnia,
1852 4275 2014 4343 quae
2043 4253 2395 4336 obstabunt,
2418 4251 2690 4322 Romani
