3264 4882
1383 378 1755 440 -7-

477 569 548 626 ut
589 563 910 646 Vergilius
968 561 1291 645 ingenium
1346 567 1410 625 et
1464 560 1736 624 indolem
1790 560 2099 642 poeticam
2155 559 2482 624 ostendere
2540 581 2663 624 non

479 663 699 747 potuit.

647 765 789 838 Qua
851 783 920 826 re
986 761 1156 848 apud
1221 760 1444 825 Silium
1506 759 1773 840 vestigia
1834 758 2205 847 Vergiliana
2273 759 2338 824 in
2400 760 2475 823 iis
2538 781 2662 823 non

478 864 848 945 invenimus,
901 883 1063 948 quae
1116 861 1197 925 ad
1253 865 1692 944 argumentum
1747 859 1954 945 ipsum
2007 860 2338 943 pertinent,
2393 860 2542 945 quia
2597 860 2660 924 in

476 964 664 1028 rebus
705 970 838 1027 tam
881 962 1143 1027 diversis
1187 965 1438 1046 praeter
1479 980 1829 1045 perpaucos
1879 961 2047 1024 locos
2091 960 2332 1025 occasio
2374 961 2662 1024 imitandi

476 1064 625 1128 data
667 1085 793 1128 non
838 1069 989 1127 erat.
1058 1061 1202 1142 Sed,
1246 1060 1625 1144 ubicumque
1668 1059 1733 1122 in
1774 1059 2029 1123 Punicis
2078 1082 2179 1123 res
2222 1066 2440 1143 gestae
2484 1061 2660 1147 epico

475 1184 648 1228 more
698 1151 1011 1249 episodiiS,
1063 1160 1568 1245 digressionibuS,
1627 1161 1767 1224 aliis
1822 1160 2202 1224 ornamentis
2256 1167 2662 1226 conectuntur

477 1269 587 1327 aut
617 1267 1015 1342 exornantur,
1051 1261 1513 1347 conspiciuntur
1540 1261 1798 1342 fructuS,
1828 1280 1983 1342 quos
2005 1260 2194 1324 Silius
2224 1283 2258 1325 e
2275 1260 2660 1345 Vergilianis

476 1362 695 1426 studiis
739 1368 1011 1447 ceperat.
1079 1361 1246 1441 Nam
1295 1382 1508 1425 omnes
1550 1361 1682 1424 fere
1724 1360 1911 1424 huius
1952 1360 2121 1424 modi
2160 1361 2328 1425 locos
2371 1361 2451 1425 ad
2493 1362 2660 1425 illius

476 1463 834 1544 exemplum
891 1462 1262 1546 compositos
1319 1467 1382 1524 et
1436 1460 1788 1524 elaboratos
1852 1482 2006 1541 esse,
2067 1482 2192 1524 non
2252 1460 2342 1524 ita
2410 1461 2662 1525 difficile

474 1568 570 1625 est
611 1562 950 1626 intellectu.
1022 1561 1264 1636 Quibus
1307 1561 1583 1624 maxime
1625 1561 1777 1624 locis
1817 1561 2007 1625 Plinii
2048 1560 2127 1624 de
2171 1560 2322 1626 Silio
2364 1560 2662 1625 iudicium

476 1660 601 1746 (ep.
641 1661 741 1724 III
785 1661 846 1741 7)
908 1661 1096 1746 plane
1139 1681 1358 1724 verum
1401 1660 1762 1724 habendum
1817 1681 1952 1724 esse
1996 1660 2147 1723 mihi
2190 1660 2453 1725 videtur.
2537 1661 2662 1725 Hic

477 1763 643 1827 enim
714 1762 901 1826 Silius
973 1761 1054 1824 ab
1123 1760 1420 1824 historiae
1491 1760 1755 1824 vinculis
1824 1761 2127 1824 liberatus
2206 1762 2325 1825 etsi
2396 1782 2477 1825 ex
2548 1784 2659 1827 suo

409 1868 416 1877 ’
475 1862 727 1946 ingenio
763 1863 1001 1945 fingere
1045 1861 1265 1946 potuit,
1321 1866 1554 1941 tamen,
1615 1860 1784 1945 quod
1825 1860 2030 1924 Plinio
2087 1868 2341 1926 auctore
2393 1883 2543 1926 cura
2594 1863 2659 1927 in

476 1984 550 2027 eo
601 1963 797 2045 maior
849 1967 984 2026 erat
1037 1981 1226 2045 quam
1279 1960 1620 2047 ingenium,
1664 1960 2015 2040 Vergilium
2074 1961 2139 2025 in
2193 1984 2376 2026 usum
2432 1963 2659 2027 iterum
2725 2007 2731 2013 -

475 2067 665 2145 atque
708 2061 936 2126 iterum
964 2081 1188 2126 vocare
1231 2081 1420 2145 quam
1464 2080 1604 2122 cum
1647 2061 1756 2124 illo
1798 2060 1880 2124 ad
1924 2066 2237 2124 certamen
2282 2061 2658 2127 descendere

473 2161 712 2242 maluit,
768 2182 804 2225 e
847 2182 970 2245 quo
1013 2160 1247 2224 victum
1299 2180 1364 2224 se
1417 2160 1835 2224 discessurum
1892 2182 2029 2225 esse
2086 2160 2260 2224 haud
2308 2161 2659 2245 ignorabat.

470 2259 696 2345 Itaque
719 2282 881 2325 cum
923 2262 987 2324 in
1039 2261 1400 2325 universum
1452 2261 1698 2324 dicatur
1718 2260 1785 2343 ¹),
1843 2263 2084 2325 nullum
2141 2261 2397 2324 carmini
2453 2263 2657 2327 inesse

472 2360 837 2445 episodium,
900 2359 1066 2446 quod
1132 2382 1216 2425 ex
1278 2360 1418 2423 aliis
1485 2360 1863 2424 carminibus
1927 2365 2294 2446 excerptum
2364 2383 2489 2425 non
2558 2363 2655 2447 sit,

471 2466 683 2525 tamen
727 2461 886 2525 haec
927 2462 1122 2525 verba
1165 2461 1455 2546 equidem
1498 2462 1580 2525 ad
1623 2463 1824 2525 solum
1867 2462 1998 2526 fere
2039 2461 2398 2545 Vergilium
2439 2462 2659 2526 referri
2751 2459 2754 2461 ’

471 2583 654 2647 posse
697 2582 1067 2647 persuasum
1109 2561 1332 2626 habeo.
1418 2561 1586 2625 Nam
1630 2561 1747 2625 etsi
1787 2561 2006 2645 negari
2056 2583 2179 2624 non
2230 2568 2455 2646 potest,
2500 2563 2655 2628 alios

470 2667 688 2743 poetas
731 2662 953 2725 Silium
996 2684 1121 2726 non
1161 2684 1304 2727 raro
1353 2663 1418 2726 in
1458 2683 1645 2726 usum
1685 2683 1964 2743 vocasse,
2020 2666 2091 2725 ut
2131 2660 2499 2744 Homerum,
2552 2664 2653 2727 cui

467 2763 698 2825 multos
753 2761 942 2825 debet
997 2762 1286 2826 carminis
1343 2768 1596 2826 ornatus
1652 2782 1705 2825 e.
1759 2782 1819 2845 g.
1878 2761 2087 2847 μάχην
2138 2763 2652 2845 παραποτάμιον

467 2859 564 2941 (ΙΙ.
625 2860 806 2943 XXI,
871 2864 993 2925 328
1054 2899 1139 2910 -—
1202 2861 1309 2926 Sil.
1362 2861 1478 2944 IV,
1544 2864 1668 2926 640
1719 2861 1827 2944 ff),
1884 2867 2097 2925 tamen
2156 2862 2400 2925 nullum
2453 2862 2648 2925 alium

466 2962 763 3044 invenies,
809 2962 984 3027 cuius
1024 2963 1293 3047 vestigia
1335 2963 1492 3027 adeo
1536 2963 1852 3049 presserit,
1895 2969 1966 3026 ut
1994 2963 2364 3045 Vergilium.
2418 2962 2648 3025 Mirum

468 3066 678 3123 autem
724 3068 838 3144 est,
895 3063 1056 3147 quod
1115 3084 1297 3127 nemo
1354 3055 1561 3127 adhuc
1614 3084 1729 3149 per
1782 3063 2029 3147 singula
2085 3083 2227 3125 eam
2266 3082 2400 3125 rem
2442 3062 2648 3143 perlu-

466 3161 686 3224 stravit
728 3169 980 3245 praeter
1021 3162 1456 3227 Alexandrum
1498 3162 1849 3228 Rossaeum
1871 3161 1937 3242 2).
2007 3162 2131 3226 Sed
2173 3161 2358 3225 huius
2400 3161 2648 3225 libellus

465 3261 667 3339 magis
730 3263 1113 3349 conscriptus
1176 3284 1313 3327 esse
1374 3263 1641 3346 videtur,
1704 3269 1775 3327 ut
1828 3263 1978 3327 Silio
2043 3261 2440 3343 obtrectetur,
2505 3284 2645 3326 cum

463 3360 619 3424 nihil
664 3361 796 3426 fere
838 3363 959 3426 nisi
1001 3385 1164 3448 quae
1218 3364 1286 3427 in
1341 3385 1415 3428 eo
1456 3363 1875 3449 vituperanda
1930 3384 2066 3427 esse
2124 3369 2351 3443 censet,
2406 3383 2645 3426 summo

463 3461 667 3526 studio
709 3468 1076 3547 congestum
1126 3464 1222 3545 sit,
1273 3483 1461 3546 quam
1513 3470 1584 3527 ut
1626 3464 1764 3527 Silii
1813 3464 2192 3530 imitationes
2233 3463 2645 3547 Vergilianae

462 3580 803 3644 earumque
860 3563 1022 3628 ratio
1078 3564 1210 3627 sine
1264 3564 1361 3627 ira
1417 3570 1479 3627 et
1534 3563 1739 3627 studio
1789 3563 1883 3627 'ad
1947 3563 2277 3627 discrimen
2329 3568 2646 3631 vocentur.

459 3661 724 3726 Praeter
765 3684 858 3742 ea,
900 3684 1025 3747 qua
1066 3664 1305 3728 ratione
1346 3663 1412 3727 in
1452 3663 1755 3727 imitando
1796 3663 2081 3747 Vergilio
2125 3664 2313 3727 Silius
2356 3685 2505 3726 usus
2550 3664 2643 3743 sit,

460 3782 587 3824 non
647 3762 917 3846 legimus
979 3763 1099 3827 nisi
1163 3764 1361 3827 obiter
1424 3763 1631 3829 verbis
1697 3770 2247 3833 commemoratum
2300 3763 2366 3831 in
2421 3762 2641 3832 disset*

460 3861 800 3925 tationibus
842 3868 906 3926 et
947 3863 1335 3932 editionibus,

628 4094 668 4158 1)
705 4095 1086 4163 Supplementa
1121 4096 1321 4147 Sulzeri
1356 4096 1628 4150 doctrinae
1664 4096 1858 4148 artium
1892 4097 2193 4148 liberalium
2227 4113 2281 4164 p.
2313 4094 2361 4151 7.

625 4183 667 4249 ²)
717 4188 945 4256 Vergilii
990 4189 1364 4256 triumphantis
1427 4189 1550 4244 libri
1600 4191 1707 4243 tres
1765 4188 1981 4241 inflante
2034 4188 2340 4244 Alexandro
2391 4189 2636 4245 Rossan·

460 4278 791 4334 Rotterdami
825 4275 970 4335 1661.

1292 4330 1307 4361 N
