3264 4882
726 553 781 622 2)
817 560 951 612 Aen.
969 557 1105 610 VIII
1123 555 1250 610 659:

815 811 906 863 Sil.
959 812 1037 862 IV
1089 808 1186 861 154
1202 827 1214 861 τ

725 975 779 1038 3)
815 978 949 1028 Aen.
1001 977 1027 1027 I
1091 973 1217 1027 403:

815 1225 906 1276 Sil.
963 1224 1067 1274 XV
1122 1220 1215 1274 23:
1260 1182 1265 1188 ·

723 1760 775 1826 1)
810 1762 944 1813 Aen.
987 1761 1039 1811 X
1093 1758 1218 1812 476:

810 2095 900 2145 Sil.
945 2093 1048 2144 XV
1091 2090 1217 2144 754:

789 2474 855 2556 2)
899 2471 1114 2537 Turris
1167 2473 1232 2535 in

1513 372 1927 439 ...34...

1286 559 1507 611 Aurea
1550 560 1809 611 caesaries
1845 561 1964 611 ollis
1997 564 2159 627 atque
2201 577 2399 614 aurea
2446 563 2666 615 vestis

1287 643 1609 711 Virgatis
1653 645 1831 695 lucent
1866 645 2066 710 sagulis
2101 647 2211 694 tum
2256 646 2481 697 lactea
2523 648 2710 699 colla

1286 727 1471 777 Auro
1519 727 1871 778 innectuntur.

1285 809 1485 860 Colla
1532 810 1668 860 viri
1716 809 1863 860 fulvo
1898 809 2178 861 radiabant
2222 811 2451 864 lactea
2496 816 2681 878 torque

1287 892 1464 942 Auro
1516 892 1843 959 virgatae
1890 897 2118 944 vestes

1285 974 1844 1040 Ambrosiasque
1896 991 2159 1027 comae
2205 977 2441 1028 divinum
2493 980 2807 1031 vertice

2414 1060 2686 1112 odorem

1288 1139 1666 1206 Spiravere
1710 1137 1796 1201 (de
1832 1139 2061 1203 Venere)
2617 1146 2620 1149 '

1283 1222 1471 1273 Altera
1539 1222 1959 1274 Achaemenium
2038 1224 2420 1290 spirabat
2498 1227 2809 1278 vertice

2410 1307 2687 1360 odorem

1287 1387 1336 1438 A
1348 1405 1401 1438 m
1412 1387 1445 1438 b
1458 1404 1531 1437 ro
1546 1403 1570 1438 s
1584 1388 1602 1437 i
1616 1405 1649 1439 a
1664 1403 1688 1438 s
1724 1386 1917 1439 diffusa
1953 1404 1980 1439 c
1992 1404 2022 1439 o
2033 1406 2085 1438 m
2100 1406 2132 1440 a
2146 1404 2185 1439 s.
2222 1387 2308 1451 (de
2343 1389 2653 1456 Voluptate)

1682 1468 1799 1532 (cfr.
1837 1474 1889 1522 et
1923 1470 2030 1520 VII
2063 1468 2200 1534 469.)

1472 1626 1530 1705 c)
1573 1648 1959 1713 pugnarum:

1286 1760 1444 1811 Illa
1496 1761 1682 1811 volans
1738 1761 1954 1812 umeri
2012 1765 2233 1828 surgunt
2285 1779 2390 1828 qua
2450 1764 2805 1831 tegmina

2405 1861 2659 1898 summa

1285 1926 1556 1977 Incidit
1599 1929 1762 1992 atque
1808 1926 1950 1977 viam
1995 1926 2207 1992 clipei
2253 1928 2438 1979 molita
2485 1946 2604 1995 per
2649 1946 2803 1980 oras

1286 2009 1522 2060 Tandem
1547 2009 1707 2060 etiam
1725 2024 1919 2075 magno
1946 2009 2213 2059 strinxit
2245 2009 2308 2060 de
2340 2026 2487 2078 corp
2500 2028 2529 2062 ο
2541 2029 2604 2064 re
2624 2012 2803 2063 Turni.

1286 2129 1793 2143 ...........
1830 2092 1966 2142 Illa
2013 2108 2130 2157 per
2176 2107 2327 2143 oras

1278 2175 1463 2226 Aerati
1505 2174 1729 2240 clipei
1772 2177 1823 2224 et
1858 2174 2052 2225 loricae
2095 2175 2376 2241 tegmina
2419 2191 2668 2228 summo

1280 2257 1545 2309 Incidit
1591 2256 1736 2307 haud
1784 2255 1940 2307 felix
1969 2272 2212 2319 umer0.‚
2266 2273 2530 2323 parceque
2576 2261 2800 2326 petitum

1280 2340 1693 2392 Perstrinxit
1742 2355 2005 2406 corpus,

1288 2472 1607 2536 obsidione
1666 2471 2115 2552 Syracusarum
2170 2474 2422 2537 incensa
2478 2474 2804 2556 deflagrat,

622 2594 747 2656 qua
789 2576 852 2637 in
895 2596 964 2637 re
1008 2573 1415 2638 describenda
1458 2594 1580 2635 non
1623 2572 1799 2635 nulla
1844 2572 2032 2636 Silius
2068 2574 2247 2659 petiit
2276 2594 2310 2636 e
2340 2573 2607 2656 Vergilii
2635 2575 2800 2639 loco:

720 2725 853 2777 Aen.
890 2725 971 2775 IX
1005 2722 1131 2775 535:
1183 2724 1434 2791 Princeps
1476 2722 1840 2774 ardentem
1884 2724 2191 2775 coniecit
2234 2693 2558 2791 lampada
2593 2725 2801 2776 Turnus

1182 2807 1250 2857 Et

1283 2808 1551 2857 flammam
1588 2806 1841 2857 adfixit
1876 2808 2120 2870 lateri,
2161 2823 2297 2873 quae
2332 2809 2560 2875 plurima
2595 2813 2801 2859 vento

1183 2889 1450 2956 Corripuit
1485 2889 1714 2941 tabulas.

722 2975 812 3026 Sil.
849 2973 981 3025 XIV
1019 2971 1145 3025 305:
1180 2973 1320 3024 Huic
1355 2974 1540 3039 procul
1583 2973 1915 3025 ardentem
1959 2973 2218 3025 iaculatus
2253 2975 2554 3042 lampada
2591 2974 2803 3026 Cimber
2913 3050 2917 3054 .

1186 3055 1225 3106 O
1245 3056 1398 3106 onio
1417 3056 1469 3106 it
1505 3059 1556 3107 et
1592 3055 1813 3107 lateri
1849 3057 2014 3106 telum
2049 3056 2317 3107 exitiabile
2351 3057 2534 3123 figit.
2557 3062 2564 3068 “

1183 3140 1426 3191 Pascitur
1459 3139 1641 3190 adiuto
1677 3139 1950 3190 Vulcanus
1984 3140 2191 3191 turbine
2225 3157 2257 3190 v
2271 3157 2299 3191 e
2315 3158 2348 3190 n
2364 3140 2430 3190 ti.

790 3270 855 3352 3)
898 3271 976 3335 de
1021 3293 1180 3357 equo
1223 3272 1549 3335 vulnerato

721 3423 855 3475 Aen.
890 3422 944 3473 X
976 3420 1102 3474 892:
1188 3422 1349 3473 Tollit
1379 3438 1435 3474 se
1465 3427 1779 3474 arrectum
1811 3385 2175 3489 quadrupes
2206 3426 2257 3473 et
2288 3423 2577 3474 calcibus
2610 3439 2799 3474 auras

1185 3505 1445 3557 Verberat

723 3589 814 3640 Sil.
837 3588 997 3640 XVII
1016 3586 1141 3640 135:
1181 3627 1194 3640 .
1232 3630 1244 3641 .

1282 3628 1641 3642 ........
1679 3607 1707 3642 e
1721 3605 1790 3640 re
1804 3606 1839 3639 x
1855 3589 1906 3639 it
1922 3605 2023 3654 que
2065 3605 2154 3640 ore
2189 3594 2402 3641 cruento

1188 3672 1704 3738 Quadrupedem,
1739 3672 1892 3724 elatis
1927 3674 2223 3738 pulsantem
2269 3673 2563 3724 calcibus
2606 3688 2797 3724 auras

789 3804 853 3885 4)
894 3805 1055 3869 inter
1097 3826 1376 3891 pugnam
1418 3810 1598 3887 porta
1643 3804 1946 3889 aperitur:

722 3956 857 4006 Aen.
891 3955 971 4005 IX
1006 3952 1132 4006 724:
1184 3953 1418 4017 (Portam
1455 3955 1508 4005 vi
1541 3953 1760 4021 magna)
1796 3971 2106 4007 converso
2143 3957 2428 4008 cardine
2463 3958 2746 4020 torquet

1187 4036 1499 4089 Obnixus
1533 4038 1655 4088 latis
1690 4038 1884 4089 umeris

724 4120 815 4173 Sil.
851 4121 988 4171 XIII
1022 4118 1146 4172 251:
1184 4159 1196 4171 .
1231 4159 1243 4171 .

1284 4159 1743 4172 ..........
1780 4121 1913 4171 Tum
1947 4123 2233 4174 cardine
2268 4139 2463 4173 verso

1186 4202 1442 4254 Obnixi
1477 4207 1809 4269 torquent
1845 4204 2034 4256 obiceS.
