3264 4882
711 533 801 585 Sil.
837 533 915 584 IV
950 491 1075 586 436:
1178 534 1252 584 Te
1288 534 1421 585 duce
1456 533 1718 600 primitias
1752 551 1986 611 pugnae,
2017 539 2069 588 te
2103 553 2298 604 magna
2332 540 2581 606 magistro

1171 616 1486 761 Ααᾱῳιίοΐικ
1522 702 1575 751 et
1608 699 1743 751 Aen.
1779 699 1888 751 XII
1920 697 2021 752 435
2055 731 2121 738 —
2160 702 2251 756 Sil.
2286 703 2388 754 XV
2423 701 2558 764 360.)

776 831 838 911 6)
881 831 1098 894 Virtus
1142 831 1258 894 viri
1300 830 1476 894 fortis
1519 831 1606 894 sic
1650 830 2047 896 describitur:

707 981 841 1033 Aen.
877 982 930 1033 X
961 979 1088 1034 712:
1171 983 1220 1033 N
1223 999 1282 1034 ec
1317 983 1563 1048 cuiquam
1599 983 1757 1033 irasci
1789 983 2111 1050 propiusque
2146 985 2395 1037 accedere
2430 987 2595 1038 virtus

1169 1065 1271 1117 Sed
1307 1065 1493 1116 iaculis
1528 1065 1760 1131 tutisque
1795 1067 1979 1131 procul
2014 1067 2331 1118 clamoribus
2366 1068 2565 1119 instant

710 1147 800 1199 Sil.
835 1147 884 1198 V
920 1142 1045 1199 442:
1168 1147 1423 1214 Aspirare
1458 1148 1588 1211 viro,
1622 1148 2028 1214 propioremque
2063 1148 2257 1200 addere
2290 1149 2516 1202 Martem

1168 1230 1328 1282 Haud
1364 1247 1550 1282 ausum
1585 1231 1850 1297 cuiquam.
1886 1232 2035 1282 Laxo
2071 1249 2167 1284 ceu
2201 1233 2358 1284 belua
2394 1250 2582 1300 campo

1168 1313 1536 1366 Incessebatur
1568 1313 1697 1364 tutis
1734 1328 1800 1365 ex
1836 1315 2046 1382 agmine
2080 1315 2213 1367 telis,

792 1445 854 1523 7)
896 1445 994 1510 De
1036 1447 1260 1509 Paullo
1312 1446 1377 1508 in
1431 1466 1651 1530 campo
1708 1444 2021 1509 Cannensi
2075 1452 2321 1531 reperto
2378 1447 2597 1511 eadem
2655 1448 2785 1512 fere

607 1547 910 1626 dicuntur,
976 1565 1138 1627 quae
1210 1545 1288 1609 de
1353 1545 1647 1626 Hectore,
1721 1567 1907 1629 quem
1980 1545 2231 1610 Aeneas
2302 1567 2420 1633 per·
2482 1548 2785 1611 somnium

608 1645 792 1726 videt,
835 1645 1005 1731 apud
1047 1646 1396 1724 Vergilium
1439 1647 1765 1728 leguntur:

704 1797 838 1849 Aen.
874 1796 930 1847 II
963 1793 1089 1847 274:
1171 1797 1236 1847 Ei
1270 1797 1402 1847 mihi
1436 1796 1608 1863 qualis
1645 1798 1775 1858 erat,
1812 1797 2067 1860 quantum
2101 1799 2335 1848 mutatus
2371 1797 2439 1848 ab
2477 1797 2568 1847 illo

1166 1880 1411 1943 Hectore,
1449 1879 1540 1945 qui
1575 1882 1673 1931 etc.

706 1962 798 2013 Sil.
834 1961 887 2012 X
919 1959 1046 2014 508:
1170 1962 1291 2013 Heu
1327 1962 1444 2028 quis
1477 1964 1620 2012 erat!
1670 1977 1830 2027 quam
1866 1977 1971 2011 non
2016 1960 2201 2011 similis
2234 1962 2389 2012 modo
2432 1962 2634 2014 Punica
2669 1962 2789 2014 telis

1165 2045 1397 2113 Agmina
1431 2044 1695 2096 turbanti!
2285 2046 2290 2047 ⁷

610 2184 673 2241 et
715 2178 910 2241 verba
955 2177 1280 2262 sequentia
1321 2177 1520 2240 multa
1565 2176 1791 2239 similia
1832 2175 2154 2260 praebent.

771 2277 834 2357 8)
877 2277 975 2342 De
1004 2279 1161 2340 turri
1199 2278 1606 2360 deflagrante,
1654 2297 1843 2360 quam
1885 2276 2013 2338 iam
2057 2296 2245 2357 supra
2290 2277 2785 2357 commemoravi,

606 2377 670 2440 hi
715 2399 962 2463 quoque
1005 2379 1301 2462 leguntur
1343 2398 1563 2440 versus
1607 2376 1869 2440 similes:

703 2529 837 2582 Aen.
872 2529 954 2580 IX
986 2526 1112 2581 539:
1147 2568 1159 2584 .
1198 2566 1210 2578 .
1245 2569 1258 2582 .
1295 2567 1307 2579 .
1343 2528 1486 2579 Dum
1520 2544 1574 2579 se
1608 2529 1907 2594 glomerant
1940 2530 2186 2593 retroque
2222 2525 2455 2577 residunt

1151 2612 1214 2663 In
1250 2614 1471 2678 partem,
1509 2626 1645 2676 quae
1681 2613 1827 2676 peste
1863 2613 2020 2661 caret.

705 2695 795 2747 Sil.
832 2694 962 2745 XIV
986 2691 1110 2747 445:
1147 2694 1291 2755 Quos
1326 2694 1454 2761 fuga
1489 2694 1805 2760 praecipites
1839 2696 2043 2759 partem
2078 2693 2398 2759 glomerarat
2434 2692 2487 2742 in
2523 2708 2684 2743 unam

1148 2777 1365 2843 PuppiS,
1400 2776 1574 2828 adhuc
1609 2791 1835 2828 vacuam
1870 2775 2073 2827 taedae.

771 2908 833 2988 9)
894 2909 1158 2973 Paullus
1229 2896 1399 2993 apud
1483 2908 1723 2989 Silium,
1808 2906 1972 2971 Dido
2059 2907 2226 2991 apud
2310 2908 2501 2990 Verg.
2587 2913 2785 2970 morte

603 3009 967 3073 imminente
1011 3008 1088 3072 de
1132 3007 1439 3090 dignitate
1484 3029 1599 3070 sua
1643 3008 1886 3071 dicunt:

703 3158 835 3209 Aen.
871 3158 948 3209 IV
971 3155 1096 3211 654:
1131 3159 1199 3209 Et
1235 3174 1374 3209 nunc
1410 3175 1604 3226 magna
1642 3159 1746 3209 mei
1780 3158 1877 3209 sub
1912 3161 2079 3209 terras
2114 3158 2211 3208 ibit
2243 3158 2418 3225 imago

704 3240 794 3292 Sil.
830 3240 883 3291 X
915 3238 1041 3292 289:
1134 3280 1146 3293 .
1182 3280 1194 3291 .
1235 3279 1245 3290 .
1281 3282 1294 3293 .
1330 3242 1441 3293 Nec
1475 3258 1659 3293 manes
1695 3245 1805 3293 tam
1841 3258 2006 3307 parva
2042 3242 2295 3291 intramus
2330 3242 2505 3308 imago

729 3374 935 3448 -Quae
953 3374 1320 3453 Vergiliana
1341 3374 1535 3437 verba
1565 3374 1689 3437 alio
1719 3330 1854 3438 loco
1886 3380 1949 3437 et
1977 3374 2145 3469 apud
2169 3373 2387 3437 Silium
2408 3372 2572 3442 Dido
2604 3373 2781 3435 facit:

704 3508 797 3560 Sil.
812 3508 948 3559 VIII
967 3505 1090 3559 146:
1126 3508 1279 3560 Nunc
1315 3507 1383 3560 ad
1419 3525 1510 3560 vos
1546 3509 1728 3576 magni
1764 3506 2044 3559 descendet
2079 3507 2309 3573 corporis
2343 3506 2548 3558 umbra.

776 3639 874 3719 10)
917 3639 1014 3704 De
1056 3640 1419 3704 Hannibale
1477 3646 1539 3704 et
1582 3639 1693 3703 On.
1738 3639 2026 3724 Scipione
2080 3639 2143 3702 in
2198 3660 2413 3724 pugna
2469 3637 2779 3702 Cannensi

602 3762 824 3804 manus
894 3741 1362 3805 conserentibus
1433 3741 1672 3804 Silium
1727 3746 1979 3803 auctore
2050 3739 2349 3823 Vergilio,
2424 3740 2532 3824 qui
2595 3739 2779 3802 simili

603 3841 922 3904 occasione
994 3842 1207 3905 oblata
1277 3842 1355 3905 de
1424 3841 1647 3904 Aenea
1720 3848 1783 3903 et
1853 3840 2064 3904 Turno
2149 3840 2430 3904 similiter
2512 3840 2777 3921 dixerat,

604 3941 919 4025 scripsisse
962 3940 1215 4005 difficile
1258 3963 1382 4005 non
1426 3949 1520 4005 est
1563 3942 1847 4020 cognitu:

703 4081 835 4138 Aen.
856 4081 964 4132 XII
981 4079 1103 4134 708:
1132 4120 1539 4134 .........
1576 4081 1787 4150 (Stupet
1822 4084 1933 4149 ipse
1967 4081 2211 4144 Latinus)

1130 4166 1379 4233 Ingentes
1414 4167 1692 4233 genitos
1727 4167 2042 4220 diversis,
2065 4166 2389 4233 partibus
2425 4166 2613 4218 orbis

1127 4251 1273 4307 Inter
1307 4266 1362 4304 se
1397 4251 1580 4302 coiisse
1616 4251 1755 4303 viros
1790 4255 1841 4303 et
1875 4267 2087 4304 cernere
2121 4251 2276 4303 ferro.
