3264 4882
1677 1172 1854 1272 Β.Ι

801 1404 1189 1467 Imitationes
1231 1404 1613 1488 singulorum
1645 1403 1944 1478 Aeneidis
1973 1425 2285 1485 versuum,
2318 1425 2471 1488 quas
2513 1369 2814 1469 1114118011-

634 1526 778 1569 men
819 1526 1044 1569 vocare
1087 1504 1274 1568 huius
1319 1504 1543 1589 capitis
1585 1511 1699 1586 est,
1743 1504 2044 1568 distribuo
2088 1504 2209 1568 tria
2253 1505 2315 1567 in
2358 1525 2606 1587 genera.

799 1604 1039 1669 Versus
1080 1605 1264 1691 primi
1307 1605 1555 1687 generis
1582 1626 1708 1668 non
1748 1612 1880 1668 tam
1921 1605 2267 1669 imitatione
2298 1606 2578 1690 expressi
2623 1625 2811 1686 quam

635 1726 670 1769 e
713 1705 994 1788 Vergilio
1036 1705 1273 1788 recepti
1315 1710 1475 1768 sunt.

801 1804 1154 1868 Secundum
1218 1825 1418 1886 genus
1484 1803 1881 1889 amplectitur
1944 1825 2179 1886 versus,
2255 1827 2517 1889 quorum
2582 1782 2815 1886 auctor,

635 1905 920 1989 quamvis
963 1926 1002 1967 a
1057 1903 1208 1969 Silio
1268 1903 1494 1966 variati
1549 1909 1712 1982 sunt,
1755 1902 2076 1985 Vergilius
2131 1905 2336 1989 potius
2396 1925 2583 1989 quam
2625 1904 2812 1970 Silius

633 2004 851 2068 haberi
894 2004 1099 2068 debet.

799 2103 1009 2167 Tertio
1072 2123 1302 2185 genere
1367 2102 1715 2166 afferuntur
1776 2103 1911 2181 loci,
1984 2103 2089 2186 qui
2155 2102 2399 2166 etiamsi
2462 2104 2666 2167 minus
2730 2105 2810 2168 ab

631 2203 929 2283 Aeneide,
959 2223 1148 2287 quam
1182 2202 1452 2287 primum
1489 2209 1549 2265 et
1589 2202 1930 2265 secundum
1972 2223 2184 2282 genus,
2211 2203 2483 2285 pendere
2506 2204 2811 2284 videntur,
2870 2226 2874 2229 “

633 2310 865 2385 tamen,
896 2303 1042 2387 quia
1074 2302 1124 2365 si
1151 2323 1274 2365 non
1303 2303 1655 2392 verborum,
1695 2309 1760 2364 at
1796 2307 1962 2364 certe
1991 2308 2054 2363 et
2083 2302 2320 2365 formae
2350 2309 2412 2365 et
2454 2305 2810 2386 argumenti

633 2402 1066 2467 similitudines
1139 2402 1462 2488 praebent,
1537 2400 1615 2465 ad
1682 2401 1944 2481 Vergilii
2018 2402 2376 2487 exemplum
2451 2401 2600 2467 facti
2674 2424 2808 2467 esse

631 2504 935 2568 videntur.

796 2605 937 2678 Qua
998 2605 1237 2668 ratione
1300 2604 1364 2666 in
1420 2603 1616 2687 primo
1682 2623 1913 2685 genere
1970 2601 2157 2665 Silius
2218 2623 2369 2665 usus
2425 2603 2522 2683 sit,
2581 2624 2808 2685 operae

629 2705 900 2789 pretium
945 2710 1039 2768 est
1093 2705 1309 2790 paucis
1366 2722 1699 2788 exponere.
1783 2700 1961 2764 Duas
2017 2722 2152 2765 esse
2211 2702 2427 2785 opinor
2482 2702 2808 2765 mutuandi

629 2804 917 2867 rationes.
1018 2803 1150 2867 Aut
1232 2803 1604 2867 transfertur
1690 2800 1975 2864 alicunde
2057 2821 2293 2880 versus,
2385 2802 2490 2885 qui
2581 2801 2806 2865 lev-iter

629 2903 964 2966 mutandus
1024 2911 1135 2982 est,
1194 2904 1324 2967 sive
1385 2902 1549 2986 quod
1603 2902 1668 2964 in
1724 2900 2096 2965 sententiam
2153 2901 2335 2963 aliter
2391 2909 2807 2964 constructam

628 3003 1049 3087 transponitur
1080 3004 1210 3067 sive
1239 3003 1387 3088 quia
1431 3001 1511 3064 ad
1541 3002 1731 3064 aliam
1774 3022 1906 3064 rem
1937 2999 2237 3080 refertur3
2282 3007 2392 3062 aut
2437 3000 2516 3063 ad
2547 3001 2807 3064 verbum

627 3124 843 3166 versus
894 3103 1278 3167 describitur.
1361 3100 1730 3183 Vergiliana
1786 3100 2007 3181 prioris
2061 3100 2308 3182 generis
2364 3100 2530 3182 apud
2584 3100 2804 3164 Silium

625 3201 782 3266 haee
825 3203 1252 3287 reperiuntur:

724 3350 776 3414 1)
824 3353 957 3406 Aen.
994 3353 1071 3404 VI
1107 3350 1232 3404 102:
1322 3352 1468 3403 furor
1504 3355 1555 3404 et
1590 3350 1776 3401 rabida
1812 3366 1929 3401 ora
1965 3350 2212 3415 quierunt

824 3436 914 3487 Sil.
949 3436 1056 3486 VII
1091 3433 1217 3487 253:
1318 3436 1463 3486 furor
1498 3439 1549 3487 et
1583 3434 1772 3485 rabida
1807 3449 1995 3484 arma
2032 3433 2277 3498 quierunt

721 3517 775 3581 2)
822 3520 955 3571 Aen.
991 3519 1044 3569 X
1076 3516 1202 3570 390:
1316 3519 1425 3569 Vos
1459 3519 1619 3569 etiam
1663 3516 1860 3582 gemini
1901 3515 2186 3566 Rutulis
2231 3515 2489 3565 cecidistis
2525 3516 2579 3565 in
2615 3516 2804 3582 agris

823 3601 914 3653 Sil.
949 3601 1004 3651 II
1037 3599 1161 3652 636:
1317 3600 1428 3651 Vos
1462 3600 1623 3651 etiam
1659 3599 1878 3665 primo
1914 3597 2112 3670 gemini
2147 3597 2406 3648 cecidistis
2441 3598 2495 3647 in
2534 3614 2566 3648 a
2586 3614 2705 3648 evo

721 3682 775 3747 3)
822 3686 957 3737 Aen.
991 3684 1127 3735 VIII
1158 3681 1285 3735 456:
1322 3684 1387 3734 Et
1422 3681 1669 3734 matutini
1705 3682 1978 3733 volucrum
2013 3680 2134 3744 sub
2172 3681 2476 3732 culmine
2520 3684 2705 3732 cantus

822 3767 913 3819 Sil.
949 3766 1080 3816 XIV
1116 3763 1209 3817 22:
1315 3765 1381 3815 Et
1424 3765 1711 3815 matutinos
1756 3765 2032 3814 volucrum
2079 3759 2570 3815 transmittere
2619 3767 2803 3813 cantus

719 3846 774 3911 4)
821 3850 953 3901 Aen.
990 3850 1044 3900 H
1077 3846 1174 3901 98:
1313 3865 1561 3915 spargere
1597 3863 1801 3916 voces
1837 3848 1899 3898 In
1935 3848 2215 3913 vulgum
2249 3846 2524 3912 ambiguas

821 3932 911 3983 Sil.
947 3931 1054 3982 VII
1087 3928 1212 3982 264:
1254 3937 1257 3938 ’
1315 3948 1562 3998 spargere
1599 3946 1848 3981 causas
1883 3931 1947 3981 In
1983 3933 2218 3981 castra
2254 3930 2528 3996 ambiguas

718 4012 772 4076 5)
821 4014 997 4081 Georg
1030 4014 1114 4064 III
1150 4010 1273 4064 171:
1312 4030 1515 4065 summo
1554 4013 1775 4078 vestigia
1810 4015 2026 4080 pulvere
2062 4013 2344 4079 signent

822 4097 912 4149 Sil.
947 4097 1025 4147 IV
1061 4093 1184 4147 147:
1314 4111 1517 4147 summo
1553 4096 1776 4163 vestigia
1811 4096 2027 4161 pulvere
2063 4096 2302 4163 signat

721 4177 773 4239 6)
821 4178 996 4245 Georg
1030 4177 1109 4228 IV
1141 4175 1267 4229 401:
1314 4178 1563 4229 medios
1598 4193 1719 4228 cum
1754 4179 1832 4228 sol
1867 4179 2276 4230 accenderit
2313 4177 2531 4240 (aestus)

822 4262 911 4313 Sil.
949 4262 1031 4311 III
1065 4257 1191 4312 671:
1315 4260 1569 4312 medius
1604 4277 1725 4311 cum
1761 4263 1841 4312 sol
1875 4261 2200 4312 accendit
2237 4259 2567 4327 (Olympum)
