3264 4882
571 508 795 589 quibus
849 528 1014 572 nunc
1071 508 1297 592 agitur,
1356 531 1436 572 ex
1492 509 1776 576 Aeneide
1834 515 2103 599 repetita
2158 537 2282 579 non
2339 517 2469 580 sine
2534 518 2754 583 idoneo

568 608 795 670 iudicio
838 608 974 692 pari
1026 609 1089 670 in
1146 609 1470 673 occasione
1528 632 1565 673 a
1621 611 1772 675 Silio
1829 614 2243 698 proferuntur.
2325 616 2486 680 Rem
2543 619 2630 681 ita
2688 642 2754 684 se

569 707 822 788 habere,
869 728 950 770 ex
993 708 1160 788 locis,
1204 726 1357 789 quos
1401 710 1526 772 iam
1570 712 1763 775 oculis
1808 713 2126 794 subiciam,
2171 715 2581 795 intellegetur.

732 808 780 870 I.
822 808 1070 871 Primus
1112 809 1303 890 locus,
1359 828 1481 891 quo
1510 812 1860 896 ‚exemplar
1902 813 2338 897 Vergilianum
2382 837 2748 902 expressum

569 914 679 987 est,
723 907 1036 971 invenitur
1080 909 1142 971 in
1187 909 1597 990 descriptione
1641 932 1893 994 pugnae
1932 912 2013 976 ad
2051 912 2338 978 Ticinum
2368 917 2749 998 commissae,

566 1007 674 1070 ubi
718 1006 924 1091 Scipio
966 1009 1332 1072 vulneratus
1376 1031 1414 1072 a
1458 1010 1584 1073 filio
1631 1019 1937 1094 servatur,
1981 1020 2052 1091 ut
2094 1014 2231 1079 Liv.
2278 1016 2377 1095 21,
2423 1019 2502 1079 46
2546 1016 2751 1080 tradit.

565 1106 784 1170 Portat
859 1108 1024 1171 enim
1095 1115 1338 1193 patrem
1398 1130 1480 1172 ex
1536 1132 1752 1196 pugna
1802 1113 2018 1177 eodem
2071 1114 2274 1196 modo,
2332 1136 2454 1199 quo
2498 1114 2749 1178 Aeneas

564 1205 746 1284 (Aen.
793 1206 860 1268 II
905 1207 1068 1289 707),
1111 1209 1344 1272 umeris
1388 1210 1713 1274 subiectis:

664 1340 754 1392 Sil.
793 1342 869 1392 IV
901 1340 1029 1393 469:
1066 1342 1317 1394 Innixum
1353 1345 1555 1397 cervice
1590 1346 1765 1397 ferens
1800 1361 2087 1413 umeroque
2121 1350 2396 1414 parentem

1060 1426 1283 1478 Emicat.

728 1540 808 1603 II.
852 1542 1003 1605 Post
1045 1564 1320 1627 pugnam
1367 1544 1534 1629 apud
1577 1545 1921 1609 Baeculam
1976 1545 2387 1626 commissam,
2437 1565 2561 1627 qua
2605 1568 2744 1627 cum

561 1639 861 1703 Romanis
939 1640 1322 1723 Massinissa,
1403 1642 1820 1709 Numidarum
1900 1666 2033 1723 rex,
2121 1644 2525 1710 contenderat
2601 1645 2745 1709 huic

561 1739 836 1803 faustum
881 1761 1067 1804 omen·
1100 1740 1375 1823 offertur,
1421 1764 1545 1827 quo
1576 1765 1614 1806 a
1645 1750 1846 1808 matre
1875 1746 2187 1830 exp1icato
2217 1752 2632 1831 permovetur,
2675 1752 2745 1809 ut

559 1840 622 1902 in
665 1839 1089 1904 Romanorum
1137 1842 1476 1906 amicitiam
1523 1865 1590 1908 se
1636 1845 1931 1909 conferat.
1995 1844 2129 1925 (Sil.
2159 1846 2320 1909 XVI
2366 1846 2744 1925 118—133).

558 1938 699 2003 Hoc
763 1939 1114 2023 prodigium
1181 1941 1403 2005 Silium
1466 1964 1547 2006 ex
1610 1942 1894 2007 Aeneide
1965 1944 2031 2007 H
2093 1947 2205 2007 681
2293 1944 2358 2009 ff.
2429 1947 2492 2008 in
2562 1942 2760 2009 suum'

558 2059 807 2102 carmen
850 2041 1241 2104 transtulisse
1287 2048 1348 2105 et
1378 2042 1663 2125 Vergilio
1695 2050 1948 2108 auctore
1992 2045 2412 2129 composuisse
2455 2052 2743 2130 apertum

561 2144 670 2201 est.
755 2138 911 2204 Dico
967 2142 1305 2222 flammam,
1350 2164 1515 2226 quae
1571 2145 1637 2205 in
1691 2143 1821 2207 Juli
1879 2145 2102 2228 capite,
2159 2166 2299 2209 cum
2354 2144 2606 2208 Aeneas
2662 2145 2741 2208 ad

557 2244 872 2302 certamen
904 2260 1268 2322 egressurus
1315 2245 1427 2323 e'st,
1473 2249 1758 2326 apparet,
1803 2245 1902 2306 cui
1947 2243 2141 2328 apicis
2184 2244 2384 2306 forma
2428 2250 2539 2307 est.
2602 2244 2740 2319 Quo

557 2337 874 2422 adspectU,
917 2341 1023 2424 qui
1067 2339 1422 2421 adstabant,
1480 2342 1797 2426 perterriti
1839 2342 2190 2405 incendium
2249 2348 2433 2406 vento
2490 2349 2742 2405 auctum

556 2439 925 2524 extinguere
969 2449 1288 2521 conantur,
1331 2440 1526 2507 donec
1570 2444 1634 2506 in
1678 2441 1960 2507 Aeneide
2004 2443 2327 2525 Anchises,
2385 2444 2448 2506 in
2491 2443 2742 2507 Punicis

554 2546 756 2604 mater
800 2541 1203 2606 Massinissae
1246 2542 1573 2625 intellegit,
1616 2550 1975 2626 portentum
2030 2563 2165 2606 esse
2210 2563 2248 2605 a
2291 2541 2407 2605 diis
2451 2543 2737 2605 missum:

621 2680 752 2732 Aen.
788 2681 841 2732 II
871 2680 971 2732 683
1001 2681 1084 2733 ff.:
1155 2683 1290 2734 Ecce
1326 2683 1457 2735 levis
1493 2699 1698 2734 summo
1732 2683 1797 2734 de
1834 2700 1865 2733 v
1881 2700 1909 2735 e
1925 2700 1951 2734 r
1965 2685 1986 2732 t
2002 2683 2019 2733 i
2033 2699 2060 2733 c
2076 2700 2104 2735 e
2139 2683 2242 2734 vis
2255 2700 2290 2734 u
2305 2699 2329 2734 s
2363 2683 2477 2735 Juli

1153 2766 1396 2818 Fundere
1434 2768 1612 2818 lumen
1649 2783 1786 2833 apex
1823 2769 2074 2831 tactuque
2112 2766 2330 2818 innoxia
2365 2767 2540 2818 mollis

1152 2849 1411 2901 Lambere
1449 2850 1733 2901 flamma
1768 2864 1997 2900 comas
2040 2851 2092 2900 et
2132 2849 2392 2900 circum
2427 2852 2740 2916 tempora

2242 2933 2404 2999 pasci.

1152 3015 1261 3066 Nos
1295 3015 1476 3082 pavidi
1510 3015 1775 3082 trepidare
1809 3019 1955 3067 metu
1991 3016 2292 3081 crinemque
2327 3015 2643 3084 flagrantem

1155 3098 1416 3150 Excutere
1488 3102 1539 3149 et
1609 3101 1821 3151 sanctos
1897 3099 2339 3166 restinguere
2422 3098 2651 3149 fontib
2668 3115 2740 3147 us

2240 3199 2258 3232 1
2319 3200 2354 3233 n
2413 3198 2453 3234 S.

620 3262 712 3313 Sil.
737 3262 867 3313 XVI
894 3259 991 3314 120
1017 3261 1098 3313 ffi:
1147 3263 1195 3313 V
1223 3280 1251 3314 e
1274 3281 1301 3313 r
1322 3266 1344 3313 t
1367 3264 1383 3313 i
1407 3280 1435 3314 c
1459 3278 1487 3313 e
1572 3264 1720 3316 fulsit
1789 3282 1821 3316 a
1843 3281 1878 3331 p
1902 3281 1930 3316 e
1953 3282 1991 3314 x*
2065 3199 2398 3330 ονίερειῐξᾳιιὲ
2472 3264 2740 3314 involvere

2245 3347 2391 3398 visa
2439 3349 2542 3397 est

1146 3428 1290 3480 Mitis
1341 3429 1624 3479 flamma
1690 3445 1943 3481 comam
1989 3433 2149 3495 atque
2194 3429 2333 3481 hirta
2385 3445 2441 3481 se
2491 3445 2738 3496 spargere

2242 3512 2431 3564 fronte.

1148 3593 1480 3646 Concurrunt
1516 3595 1704 3646 famuli
1739 3598 1791 3647 et
1843 3600 2110 3662 serpentes
2159 3599 2449 3662 tempora
2499 3596 2737 3646 circum

1147 3676 1421 3728 Festinant
1456 3678 1646 3744 gelidis
1681 3679 2091 3745 restinguere
2136 3678 2432 3729 fontibus
2474 3677 2669 3745 ignes,

713 3797 833 3860 III.
879 3798 1390 3863 Manifestissima
1431 3800 1695 3863 imitatio
1740 3800 2108 3883 Vergiliana
2153 3822 2225 3863 eo
2271 3801 2559 3863 carminis
2601 3800 2733 3860 loco

548 3897 878 3978 invenitur,
916 3919 1038 3982 quo
1069 3899 1419 3982 Scipionem
1465 3898 1547 3962 ad
1575 3899 1931 3984 Syphacem
1974 3920 2188 3982 regem
2220 3899 2439 3963 auxilii
2481 3896 2734 3982 petendi

550 4016 739 4059 causa
760 3998 1003 4061 venisse
1026 4005 1255 4061 narrat.
1306 3998 1557 4061 Etenim
1586 4020 1719 4062 rem
1749 4000 1950 4082 ipsam
1974 4021 2055 4063 ex
2077 4021 2285 4063 rerum
2309 4000 2735 4063 Romanarum

548 4094 805 4158 historia
870 4098 1131 4180 petitam
1197 4098 1357 4178 (Liv.
1423 4100 1521 4175 28,
1591 4101 1692 4173 17)
1752 4099 1841 4160 ita
1908 4099 1988 4161 ad
2053 4100 2413 4183 exemplum
2470 4096 2736 4178 Vergilii

548 4196 911 4278 composuit,
969 4203 1037 4259 ut
1093 4218 1293 4260 nexus
1351 4197 1801 4260 sententiarum
1858 4203 1920 4260 et
1976 4198 2124 4261 ordo
2179 4198 2511 4261 verborum
2569 4196 2738 4280 apud
