3264 4882
1348 373 1764 432 —41—

683 557 774 608 Sil.
811 556 865 607 II
900 552 1026 607 441:
1162 556 1224 606 It
1260 556 1394 627 liber
1428 572 1456 606 c
1470 571 1502 605 a
1516 572 1568 605 m
1584 556 1655 621 pi
1690 558 1886 621 pastor,
1922 556 2008 606 cui
2043 556 2144 605 fine
2180 571 2205 605 s
2219 555 2237 604 i
2251 571 2285 604 n
2301 571 2328 604 e
2365 555 2509 604 ullo

1163 639 1448 690 Invetitum
1480 638 1647 688 saltus
1669 641 1912 704 penetrat
1947 653 2132 704 pecus:
2170 654 2200 688 o
2211 655 2263 687 m
2275 636 2381 688 nia
2415 637 2651 688 Poenum

1164 721 1406 773 Armenti
1442 720 1675 788 vigilem,
1710 721 1882 787 patrio
1917 721 1982 773 de
2017 737 2162 773 more
2196 723 2489 787 sequuntur

1163 805 1442 871 Gaesaque
1476 805 1923 870 latratorque
1968 804 2227 868 Cydon,
2276 807 2651 870 tectumque

580 892 593 910 ⁰
636 954 701 1036 2)
743 954 973 1019 Versui
1014 954 1120 1020 Sil.
1161 954 1228 1016 H
1269 955 1421 1017 636:
2175 886 2385 952 fomque
2421 890 2519 938 eto·

1162 1088 1272 1138 Vos
1306 1086 1466 1138 etiam
1502 1086 1672 1152 primo
1708 1084 1903 1152 gemini
1938 1084 2199 1136 cecidistis
2234 1085 2288 1135 in
2324 1102 2455 1137 aevo

475 1226 557 1269 ex
577 1203 859 1268 Aeneide
882 1203 947 1266 X
969 1206 1110 1286 390,
1141 1209 1211 1267 ut
1242 1225 1433 1290 supra
1461 1201 1899 1281 demonstravi,
1930 1200 2237 1282 descripto
2267 1199 2440 1263 addit
2462 1200 2651 1264 Silius

389 1396 395 1403 .
473 1305 725 1368 mutatis
768 1305 1028 1389 paulum
1071 1303 1278 1368 verbis
1322 1325 1416 1383 ea,
1459 1324 1621 1387 quae
1665 1301 1833 1387 apud
1874 1301 2229 1384 Vergilium
2274 1306 2647 1382 sequuntur:

567 1453 700 1506 Aen.
736 1453 790 1505 X
823 1450 951 1506 391:
1034 1444 1051 1504 .'
1086 1490 1439 1506 ........
1476 1451 1744 1503 simillima
1778 1452 1954 1518 proles

1034 1536 1326 1588 Indiscreta
1359 1534 1466 1585 suis
1501 1537 1789 1601 gratusque
1823 1534 2132 1601 parentibus
2166 1550 2313 1585 error

571 1620 661 1671 Sil.
696 1620 751 1671 H
785 1617 913 1671 638:
1038 1619 1241 1670 Cuncta
1276 1634 1456 1685 pares;
1496 1617 1770 1683 dulcisque
1804 1615 1958 1668 labor
1991 1631 2087 1667 sua
2122 1616 2337 1668 nomina
2374 1617 2512 1667 natis

1030 1701 1285 1754 Reddere.

634 1834 698 1914 3)
749 1835 877 1898 Ubi
930 1834 1357 1898 Hannibalem
1420 1818 1682 1897 uxorem
1745 1833 2006 1895 invitam
2070 1854 2105 1896 e
2169 1833 2389 1896 castris
2451 1853 2647 1896 remo-

466 1941 717 1999 ventem
758 1934 955 2015 fingit,
999 1934 1149 1998 Silio
1192 1933 1468 1997 narratio
1508 1932 1875 2012 Vergiliana
1925 1932 2004 1998 de
2053 1932 2331 2014 Euryalo
2382 1938 2446 1996 et
2494 1933 2648 1997 Niso

469 2040 615 2099 ante
657 2034 867 2097 oculos
910 2038 1159 2096 versata
1203 2053 1339 2096 esse
1380 2031 1655 2095 videtur:

563 2183 696 2236 Aen.
732 2182 815 2233 IX
847 2179 974 2235 211:
1026 2183 1082 2234 Si
1116 2183 1233 2249 quis
1266 2182 1321 2234 in
1355 2183 1635 2234 adversum
1670 2183 1845 2251 rapiat
1879 2199 2094 2235 casusve
2130 2184 2340 2247 deusve,

1031 2266 1104 2318 Te
1138 2282 1411 2333 superesse
1444 2266 1683 2327 velim,
1728 2271 1845 2317 tua
1889 2266 2037 2317 vita
2072 2266 2354 2334 dignior
2388 2271 2582 2319 aetas

567 2350 659 2403 Sil.
692 2350 777 2402 III
811 2346 904 2401 94:
1028 2348 1106 2412 (Si
1157 2348 1416 2412 Fortuna)
1468 2349 1756 2415 Laevaque
1807 2350 1873 2401 sit
1925 2350 2141 2417 coeptiS,
2191 2353 2243 2401 te
2296 2351 2456 2417 longa
2507 2354 2648 2402 stare

2174 2437 2385 2486 senecta

1027 2516 1340 2584 Aevumque
1375 2516 1672 2570 extendisse
1707 2516 1944 2579 velim,
1988 2520 2106 2568 tua
2146 2517 2403 2570 iustior
2437 2521 2649 2571 aetas.

466 2631 686 2697 eodem
728 2632 793 2695 in
835 2633 1001 2697 loco:

565 2783 699 2835 Aen.
735 2783 818 2835 IX
851 2780 976 2835 199:
1028 2782 1181 2835 Mene
1216 2782 1377 2850 igitur
1411 2782 1612 2834 socium
1647 2783 1863 2834 summis
1897 2782 2186 2850 adiungere
2221 2784 2394 2848 rebuS,

1026 2866 1167 2929 Nise,
1200 2865 1377 2933 fugis?

567 2951 658 3004 Sil.
691 2951 776 3002 III
811 2945 936 3001 109:
1024 2949 1195 3011 Mene,
1231 2947 1394 2999 oblite
1429 2951 1521 2999 tua
1556 2951 1792 2999 nostram
1828 2948 2057 3014 pendere
2093 2949 2265 3000 salute

1025 3031 1231 3083 Abnuis
1263 3031 1486 3098 inceptis
1521 3031 1807 3083 comitem?

634 3165 698 3245 4)
741 3164 814 3228 In
845 3165 1032 3245 fugae
1060 3163 1472 3249 descriptione
1503 3163 1803 3227 imitando
1844 3185 2145 3249 expressa
2181 3164 2429 3229 invenio
2460 3166 2641 3231 haec:

563 3315 699 3369 Aen.
732 3317 787 3368 H
821 3313 945 3369 723:
1030 3353 1433 3368 .........
1468 3315 1714 3367 Dextrae
1738 3331 1793 3367 se
1826 3333 2024 3382 parvus
2058 3316 2093 3366 J
2098 3318 2243 3367 ulus'

1024 3399 1293 3465 Implicuit
1328 3399 1671 3465 sequiturque
1706 3402 1912 3466 patrem
1947 3415 2052 3452 non
2087 3400 2328 3467 passibus
2363 3401 2563 3466 aequis,

1025 3474 1343 3534 Pone‘subit
1377 3482 1623 3534 coniunx,

561 3564 653 3617 Sil.
688 3565 766 3616 IV
798 3562 891 3618 30:
1024 3564 1166 3618 Ante
1200 3565 1376 3633 agitur
1408 3565 1672 3628 coniunx3
1709 3564 1895 3617 dextra
1930 3566 2190 3632 laevaque
2226 3568 2510 3619 trahuntur

1024 3648 1199 3713 Parvi,
1234 3665 1338 3699 non
1374 3664 1546 3715 aequo
1582 3649 1895 3701 comitantes
1930 3649 2128 3713 ordine,
2164 3650 2291 3702 nati.

628 3771 692 3858 5)
746 3778 789 3843 J
791 3779 1040 3865 uppiter
1095 3779 1365 3844 Martem
1435 3780 1795 3863 adhortan8‚
1858 3787 1929 3845 ut
1959 3852 1966 3858 ‚
1994 3780 2105 3845 Cn.
2163 3781 2515 3867 Scipionem
2579 3784 2642 3846 in

459 3878 798 3964 pugnando
854 3879 1126 3962 adiuvet,
1183 3880 1359 3944 ferba
1424 3881 1574 3944 facit
1640 3882 1923 3947 similiter
1961 3888 2168 3965 ⁴atque
2197 3882 2393 3969 ‘apud
2449 3883 2642 3967 Verg.

459 3977 756 4043 Euander
797 3979 876 4045 de
917 3981 1205 4044 Pallante
1247 3980 1375 4045 filio
1420 3981 1501 4044 ad
1542 3981 1863 4045 Aeneam:

557 4113 691 4189 Aen.
707 4114 841 4166 vm
859 4111 986 4167 515:
1024 4154 1035 4165 .
1062 4129 1067 4132 ·
1072 4154 1428 4168 ........
1464 4116 1561 4167 sub
1597 4120 1650 4168 te
1685 4119 1911 4170 tolerare
1946 4118 2198 4186 magistro

1018 4197 1263 4250 Militiam
1299 4201 1351 4251 et
1384 4216 1547 4267 grave
1581 4199 1766 4252 Martis
1800 4216 1949 4267 opuS,
1984 4203 2076 4252 tua
2111 4217 2324 4252 cernere
2358 4201 2501 4255 facta

1016 4280 1311 4335 Adsuescat
1343 4282 1525 4351 primis
1559 4286 1611 4339 et
1646 4287 1698 4338 te
1733 4283 1952 4339 miretur
1985 4283 2056 4363 ab
2088 4284 2255 4338 annis.
