3264 4882
1402 391 1485 399 —
1570 357 1648 417 23
1733 392 1845 437 —,

713 542 1229 606 Pulsantesque
1273 543 1422 591 aestu
1470 539 1748 591 laudum
1794 539 2236 591 exsultantia
2287 539 2498 591 corda

712 624 980 690 Accepere
1016 622 1145 675 tuba
1179 622 1410 689 spatium

513 756 620 840 qui
662 776 883 819 versus
923 756 1222 839 leguntur
1264 753 1454 816 etiam
1496 754 1561 815 in
1604 752 1817 835 Georg
1859 754 1958 816 HI
2007 756 2142 818 105.

609 904 662 967 5)
710 906 842 958 Aen.
891 902 1016 957 339:
1054 945 1065 955 .
1106 944 1116 954 .
1152 907 1202 956 et
1251 920 1426 954 nunc
1475 904 1693 954 tertia
1743 904 1971 969 palma
2003 892 2241 956 'Diores

711 989 802 1041 Sil.
835 985 962 1041 504:
1055 1028 1066 1040 .
1103 1028 1113 1039 .
1152 1026 1163 1037 .
1208 1002 1385 1037 nunc
1433 985 1615 1037 ordine
1664 985 1881 1037 tertia
1930 987 2159 1051 palma
2205 986 2496 1053 Hesperon.

670 1120 754 1185 V.
796 1120 1070 1205 Scipioni
1124 1120 1189 1182 in
1248 1119 1529 1183 Africam
1584 1117 1935 1182 transeunti
1991 1116 2160 1180 duae
2208 1119 2458 1201 aquilae
2489 1136 2695 1203 ‘prae-

510 1223 791 1288 volantes
842 1220 1009 1283 viam
1064 1225 1414 1284 monstrant
1467 1219 1662 1283 XVII
1706 1218 1784 1280 52
1828 1216 1911 1297 ff.,
1956 1222 2026 1280 ut
2084 1216 2253 1301 apud
2297 1218 2489 1301 Verg.
2532 1219 2694 1283 duae

509 1320 832 1385 columbae
903 1341 953 1382 a·
1007 1318 1259 1383 Venere
1323 1321 1550 1382 missae
1613 1318 1900 1382 Aeneam
1965 1316 2046 1380 ad
2118 1337 2379 1380 aureum
2448 1339 2692 1382 ramum

507 1421 741 1484 ducunt
784 1419 877 1483 VI
925 1421 1042 1482 190
1085 1418 1148 1481 ff.
1235 1418 1392 1482 Cum
1437 1424 1650 1482 autem
1693 1418 1898 1503 Scipio
1943 1417 1984 1481 J
1988 1418 2119 1482 ovis
2163 1418 2389 1502 proleS,
2440 1417 2693 1483 Aeneas

504 1521 774 1585 Veneris
846 1519 1190 1599 duceretur,
1269 1518 1420 1582 Silio
1492 1520 1657 1583 aliae
1731 1539 1880 1581 aves
1945 1517 2274 1600 eligendae
2353 1524 2546 1595 erant,
2621 1527 2691 1581 ut

505 1621 829 1685 Ernestius
891 1626 1059 1683 recte
1123 1623 1581 1682 commemorat.
1676 1616 1846 1681 Dicit
1914 1618 2077 1694 enim
2150 1616 2396 1701 „Atque
2470 1624 2540 1680 ut
2604 1619 2690 1682 ibi

504 1716 823 1800 Vergilius
893 1719 958 1782 in
1029 1718 1272 1781 delectu
1347 1718 1793 1798 columbarum,
1861 1717 2072 1780 avium
2136 1716 2403 1780 Veneris
2473 1719 2691 1781 matris

503 1820 780 1900 Aeneae,
825 1823 1058 1881 certum
1116 1816 1413 1880 iudicium
1469 1813 1888 1902 sequebatur,
1925 1817 2013 1879 ita
2069 1837 2183 1880 nec
2225 1823 2460 1881 temere
2503 1817 2690 1880 Silius

504 1918 751 1983 videtur
809 1917 1152 1999 armigeras
1207 1916 1382 1980 Jovis
1425 1918 1713 1980 volucres
1762 1917 2142 1997 adhibuisse,
2199 1937 2361 2001 quae
2417 1916 2689 2002 Scipioni

506 2018 550 2082 J
551 2019 683 2083 ovis
727 2017 885 2102 proli
929 2018 1047 2081 iter
1074 2015 1448 2102 praeirent“.
1499 2016 1584 2080 Et
1625 2018 1761 2081 loco
1792 2018 1980 2080 citato
2023 2017 2425 2080 inveniuntur
2453 2039 2689 2096 versus
2721 2054 2722 2057 κ

504 2118 609 2202 qui
665 2117 1035 2200 Vergiliana
1091 2116 1285 2180 verba
1342 2138 1380 2180 a
1436 2116 1585 2181 Silio
1645 2138 1755 2181 suo
1810 2137 1981 2180 more
2040 2122 2283 2182 mutata
2352 2117 2681 2198 praebent:

598 2267 731 2319 Aen.
756 2267 835 2318 VI
870 2265 993 2319 199:
1029 2269 1312 2320 Pascentes
1346 2267 1471 2320 illae
1519 2271 1586 2319 ta
1601 2271 1669 2318 nt
1682 2285 1717 2318 u
1731 2285 1785 2318 m
1832 2285 1866 2334 p
1882 2283 1949 2318 ro
1964 2254 1998 2318 d
2012 2268 2030 2317 i
2045 2284 2071 2317 r
2084 2283 2112 2319 e
2161 2266 2388 2318 volando

1028 2351 1124 2411 Q'u
1139 2367 1171 2402 a
1185 2368 1220 2401 n
1234 2353 1255 2400 t
1269 2367 1304 2400 u
1318 2367 1371 2400 m
1416 2350 1530 2401 acie
1578 2354 1793 2417 possent
1840 2350 1980 2402 oculi
2039 2365 2063 2400 s
2079 2367 2107 2401 e
2122 2367 2149 2400 1·
2160 2366 2194 2399 v
2208 2366 2241 2400 a
2254 2366 2281 2399 r
2294 2366 2323 2401 e
2370 2355 2683 2415 sequentum

600 2434 690 2486 Sil.
717 2430 1309 2486 XVII561Tantum
1356 2448 1773 2500 progressos
1820 2432 2023 2498 liquida
2070 2431 2166 2483 sub
2214 2431 2352 2484 nube
2400 2431 2684 2485 volatus

1028 2516 1371 2576 Quantum
1408 2531 1512 2567 non
1537 2515 1734 2567 frustra
1757 2516 2125 2582 speculantum
2150 2515 2351 2566 lumina
2387 2520 2683 2568 servant.

660 2647 773 2711 VI.
817 2647 996 2722 Quae
1019 2646 1154 2709 Liv.
1178 2648 1275 2727 21,
1302 2648 1377 2724 10
1407 2647 1483 2709 de
1512 2647 1700 2710 rebus
1731 2647 1796 2710 in
1824 2652 2047 2709 senatu
2069 2645 2682 2729 Carthaginiensium
2734 2655 2745 2666 '

497 2748 651 2810 actis
679 2746 886 2827 tradit,
915 2767 1056 2809 cum
1083 2746 1386 2809 Romanis
1415 2746 1647 2809 bellum
1679 2746 1913 2809 illaturi
1944 2751 2168 2826 essent,
2212 2746 2395 2809 facile
2428 2769 2465 2810 a
2494 2756 2680 2832 poeta

496 2847 703 2910 ornari
748 2846 1155 2930 componique
1214 2852 1549 2927 potuerunt
1600 2844 1682 2908 ad
1725 2845 2076 2924 Vergiliani
2126 2845 2247 2909 loci
2301 2849 2678 2930 exemplum,

495 2946 604 3009 ubi
633 2945 892 3008 Latinos
934 2944 1010 3007 de
1039 2945 1202 3008 bello
1243 2945 1515 3027 gerendo
1546 2946 1804 3009 consilia
1843 2946 2131 3009 ineuntes
2161 2945 2312 3008 facit
2340 2946 2437 3009 XI
2461 2950 2580 3010 296
2611 2947 2677 3012 ff.

495 3044 579 3108 Et
621 3045 827 3125 Silius,
868 3044 974 3129 qui
1016 3044 1387 3127 Vergilium,
1443 3046 1954 3128 quotiescumque
1997 3046 2221 3131 potuit,
2276 3052 2525 3109 secutus
2570 3054 2680 3124 est,

494 3142 610 3206 hoc
650 3144 805 3223 locO,
850 3165 970 3228 quo
1008 3146 1108 3207 res
1144 3149 1294 3208 vere
1332 3145 1685 3210 simillimae
1724 3152 1903 3210 erant
1932 3151 2123 3227 atque
2162 3146 2351 3208 etiam
2387 3166 2467 3208 ex
2497 3153 2677 3231 parte

492 3264 695 3328 pares,
738 3244 861 3306 fide
891 3243 1184 3307 historica
1226 3266 1350 3308 non
1379 3246 1671 3328 neglecta
1699 3245 2051 3329 Vergilium
2085 3246 2315 3308 imitari
2346 3266 2469 3309 non
2500 3245 2674 3309 dubi-

492 3343 668 3406 tavit.
713 3344 840 3406 Res
871 3343 1051 3424 enim,
1095 3344 1172 3407 de
1202 3345 1430 3428 quibus
1457 3347 1520 3408 in
1555 3352 1779 3430 senatu
1813 3346 2037 3429 agitur,
2079 3345 2313 3428 pariter
2345 3366 2411 3408 se
2440 3344 2675 3408 habent

492 3442 555 3503 in
599 3441 899 3506 Aeneide·
921 3450 984 3506 et
1024 3444 1086 3506 in
1129 3442 1410 3508 Punicis:
1469 3445 1706 3508 bellum
1747 3446 1907 3508 inter
1949 3444 2209 3507 Latinos
2268 3450 2331 3507 et
2373 3444 2674 3508 Troianos

492 3543 823 3605 conflatum
869 3564 1004 3607 esse
1047 3544 1378 3608 videbatur
1415 3552 1673 3630 propter
1715 3546 1915 3608 solum
1945 3544 2244 3625 Turnum,
2287 3545 2393 3626 qui
2413 3543 2672 3609 Aeneae

491 3640 712 3705 cedere
754 3644 1022 3707 nolebat.
1089 3645 1388 3709 Similiter
1431 3666 1530 3708 res
1572 3639 1872 3708 narratur
1906 3645 1968 3706 in
1998 3644 2267 3707 Punicis,
2328 3644 2670 3726 Hannibal,

492 3741 674 3821 enim,
717 3748 787 3804 ut
819 3742 1006 3806 Silius
1048 3744 1298 3828 quidem
1343 3765 1456 3830 per
1497 3751 1698 3808 totum
1729 3765 1975 3807 carmen
2021 3742 2447 3807 demonstrare
2490 3766 2669 3807 cona—

490 3848 590 3903 tur
614 3840 678 3920 1),
724 3841 1074 3924 Saguntum
1112 3851 1332 3907 senatu
1375 3865 1498 3907 non
1533 3845 1957 3908 consentiente
1988 3850 2386 3928 expugnarat
2429 3850 2491 3907 et
2520 3843 2669 3906 Car-

490 3939 809 4022 thaginem
863 3942 927 4004 in
984 3942 1311 4007 discrimen
1367 3950 1623 4008 vocarat
1675 3944 1912 4025 gloriae
1969 3942 2311 4027 cupiditate
2366 3944 2669 4007 incensus

488 4038 629 4103 Hoc
648 4048 1094 4132 ⁶argumentum
1132 4044 1194 4106 in
1225 4051 1445 4107 senatu
1490 4050 1700 4108 orator
1733 4043 2091 4128 imperatori
2127 4065 2250 4106 non
2292 4043 2381 4107 ita
2412 4043 2667 4124 amicus,

657 4244 695 4309 ¹)
730 4248 850 4300 vide
885 4248 1308 4313 Heynacherum.
