3264 4882
635 1118 798 1201 Inde
841 1137 967 1200 iam
1011 1135 1092 1199 ab
1135 1135 1577 1220 antiquissimis
1629 1133 2012 1218 temporibus
2053 1133 2215 1198 inter
2257 1155 2471 1224 omnes
2515 1155 2655 1199 con-

475 1246 616 1321 stat,
659 1240 879 1304 Silium
921 1239 1210 1303 Italicum
1250 1239 1517 1324 Vergilii
1558 1240 1936 1304 imitatorem
1979 1239 2199 1321 fuisse3
2242 1260 2448 1324 neque
2492 1240 2655 1324 quis-

474 1362 683 1427 quam,
745 1341 852 1425 qui
907 1340 985 1404 de
1041 1339 1194 1405 Silio
1258 1340 1568 1420 disseruit,
1634 1340 1838 1404 verbis
1912 1338 2265 1425 exprimere
2328 1341 2657 1419 dubitavit,

474 1446 708 1523 quanto
751 1461 939 1526 opere
991 1440 1294 1527 penderet
1336 1461 1374 1503 a
1416 1440 1694 1504 Marone.
1779 1439 1945 1514 Quid
1996 1445 2208 1503 autem
2252 1441 2343 1504 illi
2385 1441 2657 1524 deberet,
2731 1518 2734 1521 Ι

474 1541 682 1604 nullus
721 1540 853 1605 fere
884 1547 996 1624 est,
1040 1541 1147 1626 qui
1177 1540 1258 1604 ad
1291 1542 1494 1604 acrius
1531 1540 1829 1605 iudicium
1864 1540 2133 1620 vocarit3
2176 1541 2460 1604 omnibus
2491 1536 2686 1605 enim'

476 1662 572 1722 ea,
618 1661 780 1725 quae
821 1625 1062 1705 Plinius
1105 1646 1168 1704 et
1207 1639 1517 1704 Martialis
1540 1639 1586 1720 l)
1628 1640 1707 1704 de
1758 1640 2004 1704 illorum
2054 1640 2426 1705 necessitate
2470 1643 2657 1727 scrip-

476 1747 708 1824 serunt,
752 1746 1036 1826 repetere
1077 1740 1230 1804 satis
1273 1740 1602 1804 videbatur
1645 1761 1848 1824 neque
1891 1739 2246 1804 addendum
2298 1762 2433 1804 esse
2475 1747 2657 1827 puta-

476 1846 639 1923 runt,
682 1840 848 1904 unde
890 1840 1137 1904 illorum
1178 1840 1475 1904 iudicium
1518 1840 1821 1903 fluxisset.
1904 1839 2043 1904 Hoc
2096 1861 2237 1904 eam
2279 1841 2359 1905 ob
2404 1862 2658 1905 causam

477 1940 713 2003 factum
743 1960 880 2003 esse
909 1939 1173 2021 videtur,
1199 1939 1364 2024 quod
1394 1946 1505 2003 aut
1533 1939 1667 2003 Silii
1696 1960 1889 2024 opera
1920 1939 2124 2003 adhuc
2153 1941 2341 2026 plane
2369 1944 2658 2026 neglecta

477 2045 620 2102 sunt
674 2045 785 2125 aut
829 2038 908 2103 de
962 2039 1412 2103 imitationibus
1453 2039 1837 2123 Vergilianis
1892 2040 2290 2123 quaestiones
2333 2042 2658 2106 instituere

475 2139 596 2201 viri
636 2137 801 2203 docti
845 2140 1224 2224 superfluum
1268 2126 1585 2224 putarunt,
1628 2139 1777 2224 quia
1820 2160 1943 2223 quo
1984 2140 2120 2204 loco
2165 2140 2351 2205 Silius
2393 2143 2660 2228 Vergilii

480 2238 741 2316 vestigia
783 2239 1131 2323 pressisset,
1173 2239 1313 2303 luce
1357 2240 1585 2303 clarius
1628 2245 1809 2303 esset.
1890 2239 2114 2323 Itaque
2157 2241 2393 2305 factum
2438 2249 2548 2325 est,
2590 2250 2673 2307 ut·

477 2336 559 2400 ad
601 2337 720 2401 hoc
761 2344 1028 2420 tempus,
1081 2358 1244 2421 quae
1293 2340 1454 2404 ratio
1498 2340 1661 2403 inter
1704 2339 1925 2403 Silium
1971 2345 2033 2403 et
2074 2340 2429 2425 Vergilium
2471 2343 2660 2407 inter·

479 2437 749 2516 cesserit,
804 2439 1154 2503 accuratius
1198 2462 1236 2503 a
1277 2439 1450 2504 nullo
1494 2440 1849 2525 quaesitum
1886 2441 1985 2504 ·sit
2038 2448 2290 2526 praeter
2331 2441 2503 2524 duOS,
2555 2444 2662 2525 qui

478 2542 691 2600 nostra
719 2536 971 2602 demum
1000 2545 1207 2602 aetate
1249 2539 1609 2622 diligentius
1645 2539 1866 2603 Silium
1892 2562 2032 2604 cum
2055 2541 2315 2606 Marone
2344 2564 2661 2629 compara-

478 2642 701 2701 verunt
717 2635 782 2717 2).
867 2638 991 2702 Sed
1043 2660 1184 2702 cum
1224 2639 1449 2703 horum
1490 2639 1995 2705 dissertationum
2035 2642 2191 2705 fines
2234 2642 2417 2706 nimis
2459 2642 2662 2706 deter-

476 2737 696 2800 minati
738 2738 878 2820 sint,
933 2760 1075 2820 uno,
1115 2744 1185 2802 ut
1227 2739 1314 2803 ita
1358 2739 1581 2820 dicam,
1637 2741 1957 2804 oculorum
2000 2742 2223 2804 obtutu
2267 2742 2495 2806 intueri
2537 2764 2661 2806 non

476 2857 822 2921 possumus,
879 2837 1105 2919 quibus
1159 2840 1432 2903 maxime
1486 2841 1552 2903 in
1610 2840 1798 2904 rebus
1850 2841 2119 2924 Vergilii
2172 2842 2437 2921 vestigia
2493 2842 2674 2924 apud

478 2934 699 3000 Silium
753 2937 1148 3002 inveniantur
1203 2945 1267 3002 et
1321 2960 1446 3024 qua
1488 2940 1729 3004 ratione
1786 2941 1886 3003 vel
1931 2962 2053 3024 quo
2097 2940 2323 3005 iudicio
2366 2941 2553 3005 Silius
2596 2942 2662 3005 in

427 3044 437 3053 '
478 3035 778 3100 imitando
832 3058 982 3100 usus
1039 3038 1137 3101 sit.
1221 3037 1305 3102 Et
1346 3045 1558 3103 tamen
1614 3061 1845 3125 operae
1896 3041 2167 3125 pretium
2213 3046 2321 3120 est,
2362 3040 2661 3105 Aeneidis
2769 3087 2776 3093 -

478 3136 746 3218 vestigia
787 3135 852 3198 in
891 3137 1145 3201 Punicis
1186 3137 1542 3217 diligentius
1585 3140 1965 3219 investigari.
2034 3140 2199 3202 Nam
2240 3141 2441 3204 multa
2484 3140 2663 3205 nobis

479 3254 545 3297 se
589 3234 875 3317 offerunt,
933 3235 1095 3319 quae
1150 3238 1215 3300 in
1272 3237 1777 3302 adnotationibus
1834 3239 2193 3320 editionum,
2238 3258 2400 3322 quae
2456 3240 2661 3303 adhuc

479 3334 649 3398 solae
694 3341 837 3398 sunt
877 3336 1293 3400 imitationum
1336 3343 1548 3420 testes,
1580 3337 1836 3421 prorsus
1865 3340 2307 3423 praetermissa
2342 3347 2491 3406 sunt
2520 3362 2661 3404 cum

478 3433 544 3496 in
585 3434 848 3519 singulis
886 3437 1092 3516 rebus,
1145 3443 1278 3500 tum
1335 3438 1398 3500 in
1443 3436 1652 3501 indole
1707 3439 1896 3502 totius
1940 3440 2243 3504 carminis,
2332 3442 2538 3515 Quam
2580 3442 2661 3505 ob

478 3554 627 3615 rem,
683 3534 847 3618 quod
901 3536 1055 3598 mihi
1097 3537 1482 3621 propositum
1541 3543 1656 3618 est,
1713 3536 1791 3601 de
1836 3537 1971 3601 Silii
2013 3538 2462 3605 imitationibus
2504 3541 2662 3605 Ver-

480 3632 726 3711 gilianis
781 3625 1103 3713 disserere,
1157 3656 1370 3699 omnes
1435 3637 1667 3701 similes
1721 3638 1909 3718 locos,
1971 3638 2177 3719 quoad
2237 3640 2373 3703 fieri
2437 3647 2661 3724 potest,

481 3752 563 3795 ex
619 3732 863 3797 duobus
905 3734 1105 3818 poetis
1153 3755 1499 3816 congeram,
1543 3736 1607 3799 id
1651 3736 1817 3821 quod
1860 3737 2067 3801 adhuc
2108 3738 2385 3803 nondum
2428 3740 2664 3804 factum

647 3882 687 3947 1)
722 3885 859 3936 Plin.
895 3902 976 3953 ep.
1011 3883 1096 3937 III
1129 3883 1178 3939 7.
1243 3885 1504 3939 Martialis
1538 3881 1646 3938 VII
1680 3885 1762 3952 63,
1797 3887 1878 3938 XI
1911 3885 1993 3952 49,
2028 3886 2110 3940 51.

644 3963 687 4030 ²)
721 3968 783 4020 L.
820 3967 1132 4021 Cholevius:
1176 3969 1427 4036 Epitheta
1474 3970 1734 4034 ornantia,
1784 3972 1975 4037 quibus
2017 3972 2183 4023 utitur
2216 3972 2497 4041 Ve1·giliuS‚
2542 3990 2663 4026 cum

480 4047 544 4099 iis
580 4053 904 4117 comparata,
954 4051 1143 4117 quibus
1189 4052 1504 4118 posteriores
1551 4053 1689 4120 epici
1736 4054 1905 4117 latini,
1955 4055 2185 4106 maxime
2230 4056 2442 4121 quidem
2487 4056 2663 4122 Silius,

482 4132 717 4184 carmina
752 4149 848 4184 sua
884 4133 1250 4187 distinxerunt.
1318 4135 1449 4187 Pars
1482 4136 1526 4198 Ι,
1561 4136 1844 4203 Regimont
1880 4132 2024 4189 1865.

648 4214 944 4267 Guilelmus
1007 4216 1310 4281 Barchfeld,
1374 4217 1454 4268 De
1511 4220 1967 4285 comparationum
2030 4235 2129 4270 usu
2194 4222 2337 4288 apud
2394 4222 2486 4273 Sil.
2544 4223 2663 4274 Ital.

485 4295 768 4364 Gottingae
803 4295 950 4351 1880.
992 4308 997 4313 ’

1386 4393 1821 4491 266495
2305 4401 2367 4460 1³¹5
