3264 4882
1320 392 1447 411 ¹-
1532 368 1780 429 37—-

476 555 560 618 Et
636 559 847 616 tamen
923 552 1077 615 talia
1152 550 1499 614 imitatione
1574 568 1875 629 expressa
1949 568 2085 611 esse
2156 547 2220 609 in
2293 545 2666 610 editionibus

476 654 760 737 legimus,
841 651 1088 733 Itaque,
1146 651 1265 714 nisi
1313 647 1485 734 apud
1540 646 1764 711 Silium
1821 647 2042 711 eadem
2100 646 2293 710 verba
2349 647 2664 728 leguntur,

477 754 703 837 quibus
747 752 1064 831 Vergilius
1105 773 1256 814 usus
1298 756 1410 830 est,
1457 754 1568 811 aut
1609 765 1711 811 res
1754 743 2122 831 Vergiliano
2165 745 2348 810 modo
2377 746 2666 809 instituta

477 853 886 935 ordinataque
931 858 1041 932 est,
1084 873 1206 914 non
1248 855 1400 935 puto
1431 847 1859 933 quaerendum
1902 869 2057 929 esse,
2101 853 2314 910 utrum
2343 846 2665 929 Vergilius

478 954 537 1017 ei
579 959 727 1017 ante
771 953 981 1016 oculos
1024 950 1211 1014 fuerit
1251 969 1464 1013 necne.
1531 950 1672 1023 Quo
1717 947 1879 1010 circa
1924 968 2000 1011 ea
2045 948 2337 1031 exempla
2380 946 2664 1027 afferam,

479 1054 704 1140 quibus
746 1053 1059 1139 probetur,
1100 1050 1294 1114 verba
1336 1048 1606 1132 Vergilii
1648 1048 1826 1110 illum
1868 1047 2094 1111 iterum
2137 1068 2509 1129 usurpasse:

580 1203 632 1267 1)
666 1206 797 1256 Aen.
819 1203 895 1254 VI
917 1199 1039 1254 400:
1075 1240 1336 1254 ......
1371 1202 1495 1252 licet
1530 1202 1719 1268 ingens
1753 1199 2015 1249 ianitor
2062 1201 2263 1250 antro

1072 1284 1445 1337 Aeternum
1488 1285 1765 1335 latrans
1801 1281 2085 1348 exsanguis
2120 1283 2366 1333 terreat
2404 1281 2665 1332 umbras

665 1369 755 1421 Sil.
792 1369 875 1421 III
910 1365 1002 1419 35:
1072 1368 1172 1419 Ast
1208 1368 1437 1435 Stygius,
1472 1367 1645 1418 saevis
1680 1370 1949 1417 terrens
1985 1363 2373 1415 latratibus
2408 1364 2664 1415 umbras

1072 1451 1377 1513 Janitor‚
1414 1453 1700 1500 aeterno
1735 1451 1848 1506 tum
1883 1448 2112 1514 primum
2136 1450 2336 1498 tractus
2372 1447 2440 1498 ab
2476 1450 2661 1499 antro

1072 1532 1286 1596 (Vincla
1320 1531 1650 1600 indignatur)

574 1615 1037 1682 2)V.Cu1ex126:
1074 1608 1423 1682 Hospita
1491 1615 1617 1666 dum
1684 1615 1932 1666 nimia
1987 1614 2157 1665 tenuit
2216 1613 2662 1666 dulcedine

2263 1700 2448 1763 captos

666 1786 755 1837 Sil.
792 1785 873 1837 III
908 1780 1033 1835 311:
1070 1783 1135 1835 Et
1171 1782 1365 1834 dulci
1400 1782 1569 1850 pascit
1604 1784 1742 1834 lotos
1777 1781 1965 1834 nimis
1998 1781 2262 1849 hospita
2298 1781 2462 1832 bacca

643 1932 707 2014 3)
748 1933 825 1996 de
867 1933 1157 1996 Phoebo:

575 2086 707 2137 Aen.
743 2085 821 2137 VI
856 2081 949 2135 56:
1001 2083 1215 2135 Phoebe
1257 2082 1437 2149 gravis
1481 2082 1733 2133 Troiae
1777 2097 2044 2147 semper
2087 2081 2333 2133 miserate
2378 2082 2662 2134 labores

575 2167 666 2219 Sil.
702 2166 810 2217 XII
845 2163 971 2218 331:
1008 2165 1352 2216 Troianos
1387 2168 1542 2215 notus
1577 2179 1845 2232 semper
1884 2164 2134 2215 minuisse
2179 2165 2461 2216 labores

473 2297 874 2381 („minuisse“
925 2319 1068 2362 cum
1115 2295 1479 2378 „miserate“
1529 2318 1611 2360 ex
1655 2303 1835 2382 parte
1878 2318 2217 2360 consonare
2261 2296 2549 2375 videtur).

641 2465 705 2544 4)
748 2465 876 2528 Ubi
919 2466 984 2528 in
1023 2465 1375 2529 sacerdotes
1414 2464 1748 2546 invehitur,
1794 2465 1993 2529 forma
2023 2465 2393 2548 Vergiliana
2436 2466 2659 2529 utitur:

572 2599 705 2650 Aen.
741 2600 818 2650 IV
852 2596 943 2651 65:
980 2599 1033 2649 H
1047 2617 1074 2650 e
1088 2617 1124 2650 ιι
1159 2616 1238 2664 va
1251 2603 1272 2649 t
1287 2616 1322 2650 u
1335 2616 1388 2649 m
1422 2600 1641 2666 ignarae
1675 2603 1877 2652 mentes
1895 2603 1907 2652 Ζ

571 2682 662 2734 Sil.
672 2683 808 2734 VIII
827 2680 951 2735 100:
987 2683 1037 2733 H
1052 2699 1080 2734 e
1094 2700 1130 2733 u
1163 2683 1299 2734 sacri
1334 2701 1365 2733 v
1380 2700 1412 2734 a
1426 2686 1447 2733 t
1461 2700 1497 2733 ιι
1509 2700 1562 2733 m
1598 2699 1799 2734 errores
1816 2684 1829 2733 !

639 2814 702 2893 5)
743 2815 1034 2897 Vestigia
1075 2814 1445 2896 Vergiliana
1486 2815 1735 2878 invenio
1778 2815 1842 2877 in
1887 2815 2105 2878 fabula
2147 2813 2447 2878 Daedali:

573 2965 706 3017 Aen.
743 2965 820 3015 VI
856 2960 947 3016 14:
987 2964 1274 3028 Daedalus,
1308 2970 1379 3016 ut
1414 2965 1596 3017 fama
1632 2968 1764 3028 est,
1800 2965 2008 3033 fugiens
2042 2966 2242 3017 Minoia
2278 2983 2441 3033 regna

983 3047 1328 3113 Praepetibus
1363 3049 1610 3114 pennis
1646 3064 1854 3100 ausus
1889 3065 1956 3100 se
1991 3049 2204 3100 credere
2239 3051 2388 3100 caelo

983 3131 1254 3183 Insuetum
1289 3148 1383 3198 per
1417 3133 1517 3184 iter
1550 3132 1755 3198 gelidas
1791 3133 2031 3184 enavit
2065 3132 2135 3190 ad
2170 3136 2343 3184 arctos

984 3253 2486 3268 ooooooooooooooooooooooooooooooo

983 3336 1240 3349 ......
1277 3298 1388 3362 tibi,
1423 3299 1656 3362 Phoebe,
1689 3299 1918 3350 sacravit

981 3380 1029 3431 R
1042 3397 1136 3432 em
1152 3381 1216 3449 ig
1231 3381 1249 3431 i
1262 3398 1296 3431 u
1311 3399 1364 3432 m
1400 3383 1511 3433 ala
1526 3399 1552 3432 1·
1565 3399 1598 3432 u
1613 3399 1666 3431 m
1701 3382 1982 3449 posuitque
2018 3382 2272 3434 immania
2309 3385 2510 3450 templa

571 3463 662 3516 Sil.
698 3463 806 3516 XII
840 3461 928 3517 89:
983 3504 1387 3517 .........
1426 3465 1559 3516 Cum
1594 3466 1737 3517 bella
1769 3466 1977 3518 timeret

981 3547 1187 3600 Dictaei
1222 3549 1375 3615 regis,
1412 3549 1509 3600 sic
1543 3549 1726 3600 fama
1761 3553 1865 3600 est
1900 3587 2110 3599 .....
2164 3568 2177 3586 ·

980 3753 1188 3765 .....
1226 3715 1500 3766 aethereas
1534 3715 1710 3766 aliena
1745 3716 1932 3767 tollere
1967 3715 2021 3766 in
2058 3731 2217 3766 auras

979 3798 1203 3849 Ausus
1247 3814 1312 3849 se
1356 3815 1580 3864 penna
1616 3835 1875 3848 ......

980 3920 1187 3933 .....
1226 3881 1399 3933 media
1433 3882 1572 3932 inter
1606 3880 1791 3932 nubila
1827 3896 2017 3948 corpus

978 3964 1021 4013 E
1036 3981 1070 4014 n
1086 3980 1118 4014 a
1133 3980 1165 4014 v
1180 3964 1231 4013 it
1266 4002 1576 4015 .......

980 4085 1237 4098 ......
1274 4049 1587 4121 lapsumque
1622 4046 1808 4098 solutis

978 4130 1112 4180 Pen
1129 4147 1161 4179 n
1178 4146 1366 4181 arum
1401 4132 1607 4208 remis
1643 4128 1798 4192 (vidit
1832 4129 1992 4193 freta)

469 4249 630 4315 Tum
671 4253 972 4337 templum
1017 4253 1293 4339 Apollini
1339 4262 1400 4317 et
1442 4275 1681 4339 pennas
1725 4261 2004 4318 sacratas
2047 4275 2186 4320 esse
2230 4254 2469 4319 dicitur.
