3264 4882
1348 378 1762 438 „11-

465 565 753 646 serpente
824 560 1227 626 describendo
1307 559 1651 644 usurpavit,
1719 557 1909 622 Silius
1987 558 2139 621 item
2218 578 2300 620 ex
2369 556 2648 636 Vergilio

465 662 820 748 assumpsit,
877 667 940 726 et
994 661 1239 727 duobus
1290 659 1542 743 quidem
1598 680 1635 723 e
1689 658 1870 739 locis;
1913 679 2060 722 nam
2117 658 2389 744 primum
2429 651 2649 721 versus

564 831 654 883 Sil.
691 830 746 882 H
778 827 900 883 585:
945 830 1328 883 Caeruleus
1362 803 1661 880 maculis
1696 844 1860 879 auro
1894 827 2258 895 squalentibus
2292 825 2482 894 anguis

465 979 813 1043 simillimus
856 984 952 1043 est
992 979 1127 1042 loco
1170 952 1469 1042 Aeneidis
1513 996 1706 1061 supra
1750 974 1969 1039 allato:

563 1130 698 1184 Aen.
730 1131 779 1182 V
813 1127 903 1182 87:
949 1129 1337 1182 Caeruleae
1390 1128 1476 1179 cui
1527 1130 1678 1194 terga
1722 1129 1880 1179 notae
1923 1127 2323 1178 maculosus
2366 1129 2418 1177 et
2465 1141 2651 1179 aui-0.

630 1278 870 1342 Tamen
929 1263 1028 1341 his
1083 1275 1290 1341 verbis
1343 1274 1549 1338 minus
1604 1273 2006 1338 tribuendum
2064 1295 2199 1338 esse
2262 1279 2432 1359 puto,
2487 1273 2654 1356 quod

465 1379 686 1443 eadem
749 1376 1057 1442 vocabula
1120 1375 1370 1459 saepius
1431 1375 1497 1437 in
1569 1376 1793 1457 anguis
1865 1374 2279 1458 descriptione
2351 1379 2414 1437 et
2484 1371 2653 1456 apud

466 1478 816 1562 Vergilium
873 1483 936 1542 et
991 1475 1160 1560 apud
1220 1475 1439 1539 Silium
1494 1474 1793 1555 redeunt3
1857 1475 2126 1557 legimus
2189 1474 2355 1537 enim
2414 1471 2652 1536 Siliana

379 1590 384 1595 “
463 1579 658 1643 verba
701 1577 920 1655 eodem
963 1577 1174 1641 ordine
1217 1577 1519 1639 collocata
1561 1597 1772 1660 georg.
1814 1574 1910 1638 IV
1953 1578 2065 1638 91:

961 1726 1262 1778 maculis
1309 1741 1476 1777 auro
1525 1723 2024 1791 squalentibus

467 1883 530 1942 et
573 1878 697 1942 alio
744 1876 958 1942 ordine
1001 1874 1172 1960 apud
1215 1872 1436 1937 Silium
1477 1871 1605 1936 XV
1656 1875 1803 1945 139:

961 2024 1464 2093 squalentibus
1513 1995 1682 2078 auro
1727 2022 2003 2091 Effulgens
2037 2024 2334 2077 maculis

466 2182 712 2247 Deinde
756 2180 925 2267 apud
955 2179 1175 2244 Silium
1217 2180 1255 2243 1.
1298 2181 1338 2243 l.
1381 2180 1575 2243 verba
1617 2179 2041 2260 inveniuntur,
2085 2180 2309 2264 quibus
2333 2179 2653 2263 Vergilius

469 2303 741 2366 anguem
782 2280 1203 2344 Laocoontem
1248 2285 1569 2365 petentem
1611 2280 2055 2366 descripserat:

568 2449 702 2502 Aen.
728 2449 784 2499 H
809 2444 944 2502 2102-
966 2447 1334 2513 Ardentesque
1369 2448 1548 2499 oculos
1584 2447 1792 2499 suffecti
1825 2448 2169 2515 sanguine
2213 2451 2266 2500 et
2307 2449 2454 2516 igni

969 2530 1196 2582 Sibila
1239 2530 1546 2582 lambebant
1588 2530 1859 2598 linguis
1900 2531 2350 2583 vibrantibus
2394 2548 2528 2583 ora.

571 2616 663 2668 Sil.
706 2615 762 2666 II
805 2611 927 2666 586:
969 2615 1187 2681 Ignea
1234 2614 1624 2681 sanguinea
1672 2614 1954 2665 radiabant
1989 2615 2189 2666 lumina
2223 2616 2439 2666 flamma

967 2696 1243 2764 Oraque
1289 2697 1613 2748 vibranti
1659 2697 1954 2749 stridebant
1989 2698 2206 2749 sibila
2252 2698 2512 2766 lingua.

636 2863 715 2927 V.
768 2862 1055 2928 Aeneam
1086 2864 1493 2928 dormientem
1522 2863 1670 2926 dum
1700 2863 1935 2927 bellum
1966 2864 2177 2927 Turno
2210 2865 2653 2928 exstimulante

473 2984 511 3025 a
553 2962 781 3027 Latino
836 2969 1111 3049 paratur,
1166 2964 1512 3046 Tiberium,
1567 2963 1723 3028 deus
1774 2964 1912 3046 loci,
1970 2969 2158 3027 noctu
2215 2964 2527 3045 admonet,
2582 2968 2653 3026 ut

473 3064 777 3127 auxilium
821 3069 996 3149 petat
1039 3064 1119 3127 ab
1162 3063 1476 3129 Euandro.
1552 3064 1739 3127 Hanc
1767 3059 2202 3148 Vergilianam
2245 3064 2654 3148 componendi
2705 3073 2716 3082 ’“

471 3165 779 3228 rationem
821 3163 1008 3227 Silius
1061 3165 1126 3228 in
1182 3186 1365 3228 suum
1418 3167 1600 3228 usum
1652 3164 1857 3245 vertit,
1911 3185 2051 3227 cum
2093 3162 2470 3227 Hannibalis
2514 3185 2653 3227 con-

473 3264 680 3327 silium
722 3264 1168 3350 Appenninum
1222 3265 1586 3329 transeundi
1644 3271 1706 3329 et
1759 3266 1824 3328 in
1866 3263 2187 3327 Etruriam
2228 3263 2656 3349 proficiscendi

473 3366 708 3449 pariter
749 3365 1016 3428 instituit
1060 3370 1379 3451 ornatque.
1422 3366 1676 3440 Quanto
1719 3386 1908 3451 opere
1952 3371 2164 3428 autem
2206 3365 2313 3428 ille
2355 3363 2654 3428 Aeneidis

472 3465 646 3528 locus
689 3472 835 3529 ante
891 3467 1100 3530 oculos
1156 3466 1214 3529 ei
1255 3472 1541 3529 versatus
1582 3464 1790 3546 fuerit,
1843 3487 1877 3529 e
1922 3465 2226 3529 similibus
2268 3465 2475 3528 verbis
2519 3487 2654 3529 sen-

471 3565 934 3647 tentiarumque
977 3560 1191 3630 ordine
1221 3567 1373 3630 satis
1415 3566 1817 3650 intellegitur.
1880 3566 2045 3630 Juno
2076 3566 2241 3629 enim
2283 3566 2347 3628 in
2390 3565 2654 3629 formam

473 3665 884 3747 Trasimenni,
951 3667 1052 3731 dei
1120 3666 1256 3746 loci,
1313 3657 1558 3730 mutata
1611 3672 1800 3730 noctu
1853 3665 1972 3745 (IV
2029 3664 2174 3745 725.)
2226 3664 2654 3729 Hannibalem

474 3764 887 3830 somniantem
916 3766 1217 3846 hortatur,
1244 3773 1315 3834 ut
1342 3767 1407 3830 in
1434 3766 1753 3830 Etruriam
1782 3765 2096 3848 profectus
2117 3767 2416 3830 Romanis
2446 3765 2654 3829 clades

474 3864 718 3929 inferat.
816 3867 1053 3941 Quodsi
1108 3867 1458 3947 confecerit,
1520 3866 1694 3930 addit
1750 3867 2192 3930 Trasimennus
2247 3866 2466 3930 iisdem
2520 3865 2654 3929 fere

474 3965 682 4029 verbis
724 3988 798 4030 ac
828 3966 1160 4031 Tiberinus
1195 3967 1364 4053 apud
1393 3967 1748 4050 Vergilium
1778 3989 1945 4046 usus,
1982 3967 2215 4046 gratias
2250 3967 2368 4030 sibi
2395 3964 2653 4045 referat3

474 4087 621 4127 nam
685 4087 752 4129 se
816 4089 954 4131 esse
1011 4105 1095 4114 —
1147 4067 1422 4132 nondum
1483 4073 1745 4132 noverat
1807 4055 2010 4152 neque
2064 4066 2387 4130 Hannibal
2448 4084 2654 4147 neque

473 4164 746 4248 Aeneas,
791 4168 927 4251 quis
969 4168 1075 4235 ille
1118 4175 1282 4233 esset
1322 4207 1405 4216 —-
1447 4168 1567 4235 loci
1609 4168 1796 4236 deum
1847 4167 1949 4236 hic
1991 4160 2485 4253 Trasimennum,
2529 4165 2653 4234 illic
2685 4171 2689 4179 “

475 4264 867 4334 Tiberinum:
1941 4277 1944 4278 ’
1999 4269 2006 4276 “
