3264 4882
759 1397 971 1480 Atque
1030 1397 1298 1481 primum
1360 1396 1613 1479 quidem
1670 1418 1988 1481 quaeram,
2049 1417 2211 1479 quae
2266 1400 2609 1483 qualesque
2652 1402 2774 1464 sint

595 1496 763 1582 apud
824 1497 1045 1560 Silium
1103 1495 1480 1560 imitationes
1522 1496 1933 1585 Vergilianae
1988 1497 2053 1560 in
2108 1498 2565 1583 compositionis
2621 1508 2773 1564 arte.

594 1596 718 1660 Sed
761 1596 1127 1681 priusquam
1154 1596 1232 1660 de
1262 1617 1338 1660 ea
1365 1617 1432 1659 re
1462 1597 1657 1660 verba
1701 1597 1930 1660 faciam
1972 1596 2390 1661 definiendum
2435 1604 2546 1678 est,
2588 1601 2773 1680 quale

595 1697 674 1760 sit
716 1696 1005 1780 Vergilii,
1063 1697 1248 1780 quale
1306 1696 1442 1760 Silii
1506 1718 1773 1778 carmen,
1838 1698 2166 1782 qualisque
2230 1699 2393 1762 ratio
2445 1699 2608 1762 inter
2663 1700 2773 1763 illa

599 1795 962 1860 intercedat.
1045 1796 1368 1879 Vergilius
1420 1818 1560 1860 cum
1617 1819 1729 1861 suo
1786 1799 2058 1861 carmine
2111 1819 2212 1862 res
2254 1797 2615 1861 tractandas
2647 1792 2774 1862 'sibi

595 1897 1040 1981 proposuisset,
1100 1897 1325 1978 quibus
1382 1918 1523 1960 cum
1568 1919 1650 1961 ex
1700 1897 2083 1982 temporibus
2126 1884 2427 1961 fabulosis
2469 1899 2775 1982 repetitae

595 1996 719 2059 sint
772 1996 1068 2059 historica
1126 1996 1282 2060 fides
1338 1997 1526 2059 tribui
1582 2018 1708 2060 non
1762 2003 1986 2082 potest,
2043 1997 2290 2080 ingenio
2345 1997 2669 2077 indulgere
2713 2003 2776 2063 et
2838 2077 2841 2080 ἦ

594 2116 714 2176 res,
782 2115 1172 2179 quocumque
1234 2096 1418 2160 modo
1474 2097 1688 2179 voluit,
1750 2098 1990 2180 fingere
2055 2103 2165 2160 aut
2228 2096 2306 2161 de
2371 2119 2480 2161 suo
2545 2097 2776 2162 addere

596 2197 815 2279 potuit.
885 2195 1029 2259 Hac
1073 2195 1382 2261 scribendi
1425 2196 1717 2260 libertate
1761 2196 1911 2260 Silio
1954 2197 2047 2260 uti
2089 2219 2213 2260 non
2254 2197 2445 2261 licuit.
2522 2195 2776 2262 Etenim

595 2317 738 2359 cum
792 2303 1233 2378 argumentum
1289 2296 1578 2359 carminis
1636 2317 1717 2360 ex
1774 2296 1968 2380 gestis
2021 2296 2446 2377 Romanorum
2490 2304 2778 2378 sumeret,
2824 2379 2828 2383 ,

597 2395 804 2461 facere
833 2418 955 2460 non
986 2397 1205 2483 potuit,
1235 2396 1385 2483 quin
1413 2417 1513 2460 res
1541 2417 1579 2459 a
1603 2396 2003 2482 scriptoribus
2032 2395 2296 2460 traditas
2324 2397 2387 2460 in
2416 2397 2774 2462 universum

597 2504 978 2583 sequeretur.
1058 2496 1143 2560 Et
1184 2519 1254 2561 re
1297 2519 1446 2561 vera
1490 2502 1669 2560 tanta
1711 2498 1835 2561 fide
1877 2498 2314 2561 historicorum
2355 2500 2775 2563 narrationem

596 2604 847 2662 secutus
912 2604 1022 2678 est,
1089 2603 1160 2660 ut
1222 2597 1486 2660 Vossius
1509 2595 1556 2677 1)
1622 2618 1766 2660 eum
1829 2598 1993 2663 inter
2058 2598 2381 2662 historicos
2444 2620 2776 2664 numerare

597 2720 720 2762 non
784 2698 1131 2780 dubitaret3
1208 2697 1482 2761 maxime
1559 2704 1772 2761 autem
1849 2719 1931 2762 ex
1992 2698 2405 2785 ,Heynacheri
2425 2697 2473 2779 2)
2543 2699 2776 2781 libello,

597 2799 712 2861 etsi
775 2798 1100 2883 permultis
1163 2798 1227 2860 in
1289 2798 1440 2862 locis
1501 2799 1593 2861 illi
1650 2799 1939 2862 assentiri
1991 2821 2115 2882 non
2171 2820 2442 2884 possum,
2495 2805 2777 2883 apparet,

600 2920 790 2983 quam
845 2898 1032 2961 Silius
1077 2920 1115 2961 a
1158 2919 1367 2962 rerum
1412 2905 1745 2982 ‚gestarum
1788 2898 2088 2962 memoria
2131 2898 2450 2962 discedere
2490 2899 2777 2963 noluerit.

595 2999 761 3063 Nam
816 3004 957 3062 cum
1012 2998 1469 3083 Heynacherus
1524 2999 1587 3062 id
1643 3005 1959 3083 sequatur,
2012 3005 2083 3062 ut
2122 2997 2324 3062 Ennio
2369 2999 2535 3062 inter
2575 2998 2778 3063 fontes

597 3090 829 3183 primas
859 3098 1138 3181 assignet
1167 3106 1396 3184 partes,
1438 3099 1691 3181 plurimi
1734 3099 1841 3162 alii
1869 3098 2120 3161 Livium
2152 3098 2385 3162 fontem
2413 3099 2777 3184 primarium

596 3199 934 3277 nominant,
988 3219 1129 3282 quc,
1188 3206 1258 3262 ut
1311 3198 1756 3262 Lachmannus
1811 3198 1959 3261 dicit
1978 3198 2043 3279 3),
2098 3199 2253 3262 duce
2310 3205 2373 3262 et
2430 3199 2610 3281 quasi
2671 3199 2776 3262 filo

599 3320 747 3362 usus
791 3300 870 3362 sit
887 3298 954 3379 4).
1041 3300 1272 3363 Omnes
1316 3305 1527 3362 autem
1573 3320 1649 3362 ea
1698 3299 1763 3361 in
1805 3320 1872 3363 re
1917 3299 2306 3379 conveniunt,
2350 3298 2514 3383 quod
2556 3299 2776 3362 Silium

598 3399 818 3462 leviter
846 3405 1090 3462 tantum
1123 3406 1185 3462 et
1212 3421 1352 3464 raro
1381 3399 1740 3463 historicam
1768 3398 1956 3463 fidem
1995 3399 2350 3483 neglexisse
2380 3398 2777 3462 contendunt.
2843 3405 2846 3408 ’

597 3498 823 3583 Itaque
867 3498 1031 3581 quod
1089 3520 1297 3563 rerum
1353 3507 1673 3582 gestarum
1734 3500 2009 3563 conexus
2055 3498 2203 3563 ordo
2255 3520 2482 3561 causae
2528 3498 2585 3561 ei
2628 3498 2775 3562 defi-

602 3599 772 3662 nitae
804 3604 1000 3680 erant,
1041 3599 1331 3662 libertate
1373 3599 1649 3685 fingendi
1678 3619 1712 3662 e
1741 3599 2030 3662 manibus
2057 3597 2310 3662 dimissa
2352 3597 2449 3661 his
2492 3598 2557 3661 in
2590 3597 2776 3661 rebus

767 3838 805 3902 1)
840 3841 918 3892 De
954 3841 1215 3892 historicis
1251 3841 1428 3892 latinis
1462 3857 1512 3907 p.
1550 3836 1662 3892 142.
2441 3895 2446 3901 ,

764 3921 806 3986 2)
843 3924 946 3983 Qui
981 3926 1126 3975 locus
1163 3923 1291 3975 Silio
1326 3925 1513 3976 Italico
1549 3924 1687 3976 inter
1720 3924 1892 3976 fontes
1926 3924 2055 3975 belli
2111 3924 2299 3976 Punici
2332 3922 2548 3975 secundi
2581 3921 2777 3972 adscri-

602 4005 802 4058 bendus
836 4007 917 4058 sit.
983 4007 1162 4058 Ilfeldi
1197 4004 1341 4059 1877.

765 4087 807 4151 3)
841 4090 921 4141 De
956 4090 1107 4141 fontt.
1142 4090 1256 4141 Liv.
1293 4107 1479 4142 comm.
1513 4092 1585 4154 II,
1621 4088 1665 4154 ἓ.
1700 4088 1748 4154 5,
1783 4107 1834 4157 p.
1869 4089 1917 4141 8.

765 4168 808 4233 4)
855 4173 1072 4224 Praeter
1106 4190 1170 4232 ea
1202 4173 1322 4232 vide
1358 4174 1645 4238 Kererum3
1698 4174 1816 4242 Qua
1862 4177 2015 4231 tenus
2062 4173 2221 4228 Silius
2265 4189 2298 4225 a
2330 4170 2486 4222 Livio
2531 4170 2778 4242 pendeat.

603 4253 780 4311 Bozen
814 4252 958 4314 1880.
