3264 4882
1391 373 1804 432 -21-

609 554 741 606 Aen.
779 551 902 604 104:
942 595 950 604 .
989 593 1000 603 .
1041 592 1051 602 .
1090 594 1101 606 .
1138 557 1417 621 expectata
1454 553 1601 604 dies
1637 553 1882 605 aderat

608 637 699 687 Sil.
776 634 900 687 304:
937 636 1167 703 Jamque
1209 637 1356 687 dies
1391 635 1662 702 praedicta
1697 636 1958 688 aderat.

676 770 857 850 Tum,
888 770 1253 853 priusquam
1284 768 1363 831 ad
1394 768 1734 831 certamina
1772 768 2174 852 descendunt,
2207 792 2383 834 sacra
2423 772 2691 834 faciunt:

613 924 746 974 Aen.
798 916 890 971 77:
942 919 1043 969 Hic
1079 919 1182 969 duo
1219 918 1316 969 rite
1350 934 1495 969 mero
1531 919 1704 969 libans
1739 919 2009 970 carchesia
2044 919 2255 977 Baccho

941 1001 1136 1052 Fundit
1170 1001 1332 1058 humi,
1367 1000 1471 1052 duo
1508 1002 1692 1052 lacte
1727 1016 1879 1062 nom,
1915 1001 2019 1052 duo
2055 1003 2312 1069 sanguine
2350 1020 2546 1054 sacro

942 1085 1344 1149 Purpureosque
1381 1084 1505 1134 iacit
1541 1083 1761 1135 flores
1796 1099 1858 1134 ac
1894 1084 2023 1134 talia
2060 1084 2217 1136 fatur.

624 1172 712 1222 Sil.
765 1167 891 1220 309:
941 1168 1061 1233 Ipse
1097 1170 1279 1217 tenens
1316 1170 1455 1218 n'unc
1492 1168 1709 1228 lacte,
1744 1182 1942 1218 sacro
1979 1183 2119 1217 nunc
2154 1170 2314 1234 plena
2351 1171 2528 1233 Lyaeo

940 1250 1155 1313 Pocula,
1192 1249 1466 1301 odoriferis
1501 1250 1771 1317 adspergit
1806 1249 2115 1300 floribus
2150 1266 2286 1302 aras,

676 1385 1074 1468 Quamquam
1160 1384 1305 1446 huic
1389 1382 1794 1462 similitudini,
1879 1403 2020 1445 cum
2104 1383 2169 1446 in
2254 1384 2530 1449 eiusdem
2602 1387 2694 1449 rei

513 1484 922 1568 descriptione
990 1484 1360 1562 inveniatur,
1424 1482 1487 1543 in
1552 1482 1912 1545 universum
1969 1504 2090 1545 non
2148 1486 2410 1547 multum
2469 1487 2691 1565 tribuo,

511 1590 722 1647 tamen
767 1583 932 1666 apud
977 1583 1215 1662 Silium,
1260 1587 1476 1665 utpote
1520 1581 1690 1665 apud
1743 1603 1930 1665 quem
1975 1582 2479 1666 frequentissima
2524 1592 2693 1648 certa
2758 1602 2762 1606 “

513 1684 781 1767 Vergilii
845 1683 1107 1767 vestigia
1171 1682 1579 1765 reperiantur,
1644 1683 1832 1766 plane
1896 1682 2300 1746 omittendam
2368 1706 2503 1748 esse
2570 1708 2690 1749 non

514 1783 987 1847 affirmaverim.-

680 1882 836 1946 Tum
884 1884 999 1946 etsi
1042 1903 1272 1961 genera
1316 1882 1600 1945 ludorum
1646 1881 1815 1966 apud
1869 1882 2008 1944 illos
2052 1890 2269 1964 poetas
2323 1883 2692 1970 discrepant,

514 1992 741 2062 tamen,
807 1984 858 2046 si
913 1982 1255 2066 respicitur,
1311 2002 1436 2064 qua
1499 1982 1739 2071 ratione
1801 1988 2114 2044 certamen
2171 1982 2535 2067 dispositum
2596 1987 2691 2065 sit,

514 2083 695 2146 facile
759 2082 1157 2164 intellegitur,
1224 2081 1443 2143 Silium
1499 2079 1936 2165 Vergilianum
2005 2089 2320 2145 certamen
2384 2084 2445 2146 in
2515 2106 2693 2147 usum

513 2204 785 2246 vocasse.
890 2183 1028 2245 Hoc
1100 2182 1188 2243 ita
1260 2201 1397 2243 esse
1470 2200 1882 2264 quamquam·
1923 2202 2135 2244 omnes
2218 2182 2691 2265 adnotaverunt,

512 2288 724 2345 tamen
767 2283 990 2345 mirum
1037 2288 1150 2362 est,
1208 2280 1369 2365 quod
1428 2302 1606 2343 nemo
1650 2280 1729 2342 ad
1773 2279 1890 2344 hoc
1933 2286 2179 2365 tempus
2240 2283 2694 2361 animadvertit,

514 2380 732 2445 Silium
790 2403 869 2445 ne
928 2381 989 2445 in
1044 2380 1312 2444 minimis
1376 2380 1626 2464 quidem
1683 2380 1868 2444 rebus
1927 2402 1965 2444 a
2015 2380 2297 2464 Vergilio
2357 2383 2691 2466 abhorrere

515 2503 735 2544 ausum
781 2503 933 2545 esse.
988 2481 1144 2545 Dico
1188 2481 1450 2564 primam
1493 2480 1777 2543 ludorum
1824 2488 2097 2565 partem:
2143 2483 2311 2564 apud
2339 2482 2692 2565 Vergilium

442 2605 449 2610 ¹
513 2580 796 2661 navibUS,
841 2581 1006 2664 apud
1064 2581 1169 2644 Sil.
1214 2582 1492 2644 curribus
1535 2582 1695 2643 inter
1749 2603 1815 2644 se
1859 2581 2239 2644 contendunt
2282 2583 2526 2646 milites.
2609 2583 2692 2645 Et

511 2701 623 2763 pro
667 2679 900 2742 Siliano
942 2680 1192 2762 ingenio
1236 2680 1371 2742 falli
1425 2680 1577 2741 mihi
1632 2702 1757 2743 non
1800 2679 2031 2760 videor,
2090 2702 2230 2743 cum
2291 2681 2427 2744 dico
2472 2681 2692 2745 Silium

512 2780 776 2843 fortasse
866 2781 1146 2843 versibus
1238 2778 1534 2843 Aeneidis
1642 2781 1992 2860 144—150,
2075 2780 2300 2861 quibus
2369 2780 2691 2865 Vergilius

513 2880 894 2943 celeritatem
952 2879 1205 2942 navium
1266 2900 1406 2942 cum
1450 2878 1732 2942 curribus
1776 2885 2115 2963 comparat,
2157 2880 2492 2944 adductum
2539 2903 2693 2960 esse,

513 2986 581 3040 ut
651 2980 713 3041 in
780 2981 977 3063 primo
1038 2978 1324 3042 ludorum
1389 2980 1521 3041 loco
1587 2999 1834 3041 cursum
1900 2978 2349 3062 quadrigarum
2413 2989 2691 3065 poneret

512 3077 655 3141 Jam
702 3087 1041 3163 sequantur
1086 3078 1535 3158 similitudineS,
1577 3099 1739 3160 quae
1782 3079 2216 3143 inveniuntur:

674 3178 953 3242 Primum
1017 3188 1276 3263 uterque
1340 3186 1525 3263 poeta
1590 3185 1915 3243 enumerat
1977 3186 2270 3264 quattuor
2331 3181 2513 3260 virOS,
2583 3181 2688 3264 qui

444 3299 450 3306 ·
512 3278 672 3342 inter
715 3300 780 3342 se
824 3286 1079 3343 certant.
1698 3339 1701 3342 ,

675 3378 918 3443 Deinde
977 3401 1117 3442 cum
1183 3381 1358 3462 signo
1423 3379 1569 3443 dato
1632 3386 1949 3443 certamen
2016 3379 2396 3460 exordiatur,
2458 3379 2520 3459 ii,
2585 3380 2690 3461 qui

513 3485 813 3560 spectant,
858 3479 1193 3562 plaudunt:

612 3628 743 3680 Aen.
779 3626 903 3681 148:
940 3630 1072 3680 Tum
1112 3630 1359 3696 plausu
1396 3627 1824 3696 fremituque
1864 3630 2034 3680 virum
2071 3668 2082 3680 .
2122 3670 2132 3681 .
2170 3669 2180 3679 .

612 3711 701 3762 Sil.
780 3709 903 3763 337:
940 3713 1303 3775 Conclamant,
1341 3714 1735 3778 plausuque
1771 3713 2072 3763 fremunt

681 3843 840 3906 Tum
873 3845 1040 3928 apud
1063 3843 1282 3908 Silium
1312 3867 1471 3907 unus
1501 3845 1764 3928 quisque
1788 3845 2155 3907 certantium
2189 3843 2407 3907 eadem
2440 3845 2690 3907 fortuna

515 3942 726 4024 utitur,
757 3964 882 4026 qua
912 3944 1078 4028 apud
1103 3944 1293 4026 Verg.
1322 3946 1392 4026 is,
1430 3945 1535 4027 qui
1566 3943 1834 4007 eundem
1862 3944 2067 4007 locum
2107 3944 2169 4006 in
2208 3965 2390 4006 cursu
2421 3944 2686 4006 obtinet:

676 4042 901 4106 Incidit
956 4046 1119 4107 enim
1175 4046 1245 4125 is,
1304 4045 1409 4128 qui
1467 4051 1688 4124 quarto
1742 4044 1877 4106 loco
1933 4042 2266 4124 contendit,
2329 4044 2388 4105 in
2452 4044 2688 4105 malum

513 4142 861 4225 adversum,
941 4163 1062 4225 quo
1140 4145 1519 4229 prohibetur,
1597 4144 1677 4206 ad
1747 4144 1935 4207 finem
2012 4144 2365 4207 certaminis
2441 4164 2687 4206 currere

513 4240 692 4320 (Aen.
734 4242 795 4306 V
840 4245 959 4306 202
1003 4280 1083 4289 —
1130 4244 1232 4306 Sil.
1276 4243 1436 4307 XVI
1481 4242 1642 4321 406).
