3264 4882
858 552 909 608 V
929 569 958 610 e
976 573 1004 608 r
1019 573 1070 626 g.

744 655 1017 723 Quidquid
1050 656 1106 707 id
1139 660 1219 709 est
1325 663 1331 668 ’

747 738 865 791 Stat
898 739 1109 806 sonipes

746 821 1026 874 Subnexus
1058 825 1213 889 rapto

744 905 899 957 Stant
932 922 1057 958 arae

745 991 859 1039 tum
892 987 1064 1054 pudor
1097 985 1330 1037 indencit

741 1070 896 1137 Itque
930 1069 1172 1135 reditque
1206 1069 1349 1120 viam

446 1152 526 1203 VI
559 1149 686 1204 318:
746 1152 862 1215 Dic,
897 1152 989 1215 ait,
1025 1166 1056 1202 o
1091 1151 1240 1220 virgo

446 1235 525 1287 VI
559 1232 688 1286 740:
746 1233 1019 1301 Supplicia
1054 1232 1363 1306 expendunt

447 1318 554 1369 VII
587 1312 707 1368 662:
744 1315 988 1381 Geryone
1023 1317 1285 1370 exstincto

446 1400 553 1451 VH
584 1395 707 1451 8013
743 1398 864 1459 Qua
899 1399 1137 1453 Saturae.

445 1482 580 1533 VIII
613 1479 707 1534 223
743 1482 891 1534 Sicut
925 1500 1098 1550 aquae

443 1564 527 1616 IX
559 1562 653 1616 77:
744 1565 875 1626 Quis
909 1566 1054 1630 deus,
1089 1583 1120 1617 o
1153 1554 1354 1617 Musae'

444 1647 528 1700 IX
561 1645 688 1700 2593
744 1648 1097 1715 Assaracique
1122 1650 1290 1700 larem
1322 1652 1375 1699 et
1399 1685 1412 1698 .
1437 1685 1451 1699 .
1477 1687 1490 1700 .

1049 1729 1288 1794 (Vestae)

742 1815 1014 1866 Hactenus
1037 1813 1317 1866 indulsisse
1334 1817 1492 1866 vacat

743 1896 926 1948 Omnis
962 1900 1015 1947 et
1050 1897 1287 1964 agricola
1321 1901 1375 1949 et

742 1978 904 2030 Haud
938 1980 1014 2031 ita
1047 1995 1133 2030 me
1169 1978 1375 2045 experti

741 2060 938 2121 Quales
974 2057 1249 2113 Threiciae

442 656 500 708 11
531 652 626 707 493

443 738 522 789 IV
557 735 683 790 135:

444 821 523 872 IV
556 818 684 873 217:

443 904 524 956 IV
556 901 685 957 509:

443 987 495 1040 V
528 985 654 1040 4553

446 1070 525 1121 VI
559 1067 686 1123 1223

444 1814 498 1865 X
528 1811 656 1866 6253

443 1896 497 1948 X
530 1893 662 1948 8053

443 1980 525 2031 XI
559 1976 684 2030 396:

443 2063 523 2114 XI
555 2059 682 2113 6593

442 2144 550 2195 XII
583 2142 677 2195 823
745 2144 923 2195 Poscit
956 2158 1123 2208 equos

440 2228 550 2278 XII
582 2224 676 2278 843
746 2225 852 2286 Qui
886 2224 1115 2278 candore
1150 2226 1299 2277 nives
1359 2268 1362 2272 .

439 2310 550 2361 XII
586 2305 709 2359 139:
744 2308 884 2359 Diva
919 2308 1074 2360 deam

441 2392 551 2444 XII
585 2387 706 2444 331:
744 2390 947 2451 Qualis
966 2389 1111 2458 apud
1137 2385 1308 2459 'gelidi

1482 1216 1491 1221 -
1591 1151 1732 1203 XIII
1760 1147 1888 1203 781:
1923 1150 2039 1215 Dic,
2074 1151 2315 1205 ait

2056 555 2091 608 8
2104 555 2124 606 i
2137 555 2173 609 l.

1590 655 1673 707 VI
1705 653 1820 707 582.

1590 738 1643 789 V
1678 735 1819 800 147„

1590 817 1731 870 VIII
1763 816 1881 875 245.

1591 899 1619 949 Ι
1654 897 1737 953 92.

1590 985 1619 1036 Ι
1652 982 1780 1037 4933
1915 985 2053 1037 Tum
2088 987 2260 1054 pudor
2293 973 2535 1041 accendit

1590 1067 1731 1119 XIII
1759 1065 1887 1121 5613
1921 1068 2078 1136 Itque
2111 1070 2354 1137 reditque
2387 1072 2502 1123 vias

2350 1153 2501 1222 virgo

1590 1235 1671 1285 VI
1704 1231 1831 1286 588:
1922 1234 2197 1302 Supplicia
2232 1235 2463 1302 expendi

1590 1316 1619 1367 I
1651 1313 1766 1368 277.
2257 1336 2259 1339 ·

1589 1399 1730 1450 VIII
1763 1396 1880 1451 382.

1590 1481 1701 1533 VII
1736 1479 1846 1534 143.

1590 1562 1641 1612 V
1674 1560 1793 1615 420.
2185 1599 2190 1607 .

1589 1647 1675 1697 ΠΙ
1708 1644 1837 1699 5663
1911 1647 2268 1714 Assaracique
2345 1649 2512 1700 larem
2580 1651 2634 1700 et

2194 1729 2433 1794 (Vestae)

1589 1813 1751 1864 XVII
1765 1810 1829 1864 37
1830 1811 1869 1863 4·
1873 1830 1886 1864 :
1902 1812 2174 1873 Quatenus
2190 1813 2471 1865 indulsisse
2481 1819 2634 1867 vacet

1589 1896 1669 1947 VI
1703 1892 1820 1946 324.

1588 1978 1699 2029 XII
1733 1974 1855 2029 5013
1906 1978 2023 2029 Non
2062 1979 2138 2030 ita
2173 1995 2257 2030 me
2294 1978 2500 2046 experti

1588 2060 1645 2111 II
1679 2057 1760 2110 73.

1589 2143 1638 2194 V
1674 2140 1802 2194 383:
1904 2143 2082 2194 Poscit
2116 2159 2314 2209 equum

1589 2224 1728 2275 XIII
1746 2221 1870 2276 1163
1906 2224 2055 2285 Quae
2090 2225 2320 2278 candore
2355 2227 2530 2278 nivem

1589 2308 1724 2359 VIII
1743 2304 1871 2358 2063
1906 2307 2045 2359 Diva
2081 2308 2211 2360 deae

1591 2388 1753 2441 XVII
1771 2388 1894 2441 4883
1914 2390 2100 2451 Qualis
2134 2390 2278 2457 apud
2313 2391 2564 2459 gelidum.

607 2543 670 2621 2)
712 2540 767 2603 E
809 2540 1128 2621 memoria,
1169 2561 1290 2603 non
1335 2560 1371 2603 e
1415 2545 1584 2603 certo
1626 2540 1761 2603 loco
1807 2540 2040 2625 scripta
2084 2539 2403 2604 videntur:

852 2689 904 2742 V
925 2699 954 2742 e
972 2708 999 2741 r
1016 2706 1067 2759 g.

439 2792 467 2842 I
501 2788 616 2843 707.
651 2791 730 2842 VI
764 2789 862 2842 595
882 2789 919 2853 ι)
955 2792 1025 2844 al.
1060 2790 1171 2842 Nec
1207 2807 1313 2842 non
1349 2796 1402 2842 et

440 2875 497 2925 H
532 2871 657 2925 1323
739 2874 972 2939 Jamque
1048 2873 1159 2925 dies
1235 2872 1456 2924 infanda

1036 2954 1223 3008 aderat

441 3041 526 3091 III
561 3037 687 3092 2083
718 3039 941 3091 rAdnixi
976 3041 1238 3106 torquent.

440 3121 519 3172 IV
553 3120 682 3173 1153
737 3121 947 3174 Mecum
981 3121 1080 3173 erit

440 3204 519 3255 IV
536 3201 649 3255 438.
669 3204 779 3256 XII
800 3203 927 3257 8663
962 3205 1194 3271 Fertque
1218 3204 1486 3269 refertque

441 3286 492 3336 V
527 3284 652 3339 154:
742 3288 1094 3354 Consequitur
1126 3288 1330 3339 melior.

440 3369 547 3420 VII
581 3366 708 3422 2233
740 3372 1048 3439 Tempestas
1099 3371 1216 3423 ierit
1269 3386 1486 3436 campos

380 3512 384 3516 4
440 3451 547 3503 VII
581 3451 708 3505 6583
741 3453 965 3506 Centum
1000 3469 1201 3521 angues

439 3536 576 3587 VIII
622 3533 736 3591 164.
782 3537 838 3588 II
871 3534 985 3589 280.
1033 3537 1118 3587 III
1150 3532 1277 3587 2993
1330 3535 1484 3586 Com-

442 3685 443 3688 *
1036 3620 1238 3686 pellare
1271 3618 1444 3670 virum

438 3700 576 3753 VIII
591 3698 719 3755 6763
745 3701 970 3772 Cernere
1005 3706 1121 3755 erat

437 3784 521 3836 IX
552 3781 647 3837 73:
741 3785 878 3837 Tum
910 3801 1035 3838 vero
1070 3786 1381 3839 incumbunt

439 3868 494 3919 X
525 3864 652 3921 1783
732 3868 881 3921 Mille
916 3869 1057 3937 rapit

440 3949 494 4001 X
524 3947 651 4003 362:
736 3950 811 4002 At
843 3955 996 4017 parte
1031 3969 1098 4004 ex
1134 3952 1242 4005 alia

439 4032 520 4084 XI
553 4030 613 4085 3:
738 4034 1101 4102 Praecipitant
1135 4051 1293 4089 curae

1468 4057 1474 4064 ·
1583 4032 1796 4108 Χ6423

2051 2690 2085 2742 S
2104 2691 2123 2742 i
2142 2692 2176 2742 l.

1589 2790 1671 2841 IX
1702 2787 1797 2841 66:
1919 2790 2031 2842 Nec
2065 2807 2171 2842 non
2207 2794 2260 2843 et

1587 2872 1721 2924 XVI
1755 2869 1883 2925 3043
1919 2874 2149 2940 Jamque
2198 2874 2308 2926 dies
2355 2874 2629 2941 praedicta

2186 2957 2389 3008 aderat.

1587 3039 1726 3090 XIII
1754 3034 1881 3091 2523
1919 3038 2116 3091 Obnixi
2152 3043 2415 3106 torquent.

1585 3122 1723 3173 VIII
1756 3118 1869 3175 330.

1585 3206 1669 3256 III
1703 3202 1784 3257 60.

1585 3287 1640 3338 X
1672 3285 1753 3340 76.

1584 3370 1689 3421 XV
1712 3368 1837 3423 6283
1874 3372 2182 3439 Tempestas
2207 3373 2378 3439 operit
2394 3388 2625 3441 campos.

1584 3536 1722 3588 XIII
1752 3534 1878 3589 719:
1914 3537 2206 3606 Appellare
2242 3538 2397 3590 viros
2505 3555 2508 3560 ·

1583 3704 1641 3756 11
1672 3700 1788 3757 414.
1822 3704 1902 3754 VI
1934 3701 2052 3757 694.
2087 3703 2222 3755 vm
2256 3700 2324 3755 43
2358 3706 2458 3776 eto?

1583 3785 1638 3837 x
1672 3782 1787 3838 248.

1583 3869 1718 3920 XIV
1751 3865 1865 3922 209.

1583 3952 1612 4003 1
1645 3948 1762 4006 426.

1919 4035 2282 4102 Praecipitant
2315 4051 2470 4087 curas

607 4198 645 4261 ²)
679 4199 830 4253 Haec
877 4199 1040 4253 verba
1086 4200 1305 4267 saepius*
1340 4216 1502 4266 quam
1548 4216 1648 4267 par
1681 4203 1778 4264 est,
1824 4200 1879 4251 in
1914 4200 2065 4251 initio
2100 4216 2280 4252 versus
2316 4197 2459 4266 apud
2494 4197 2625 4251 Ver-

439 4281 627 4348 gilium
660 4287 957 4336 occurrunt.

2220 4365 2256 4415 4
