3264 4882
1506 358 1880 418 ,8.-

712 614 716 618 ,
775 536 901 600 Sed
956 543 1026 600 ut
1080 537 1162 600 ad
1215 557 1348 600 rem
1407 537 1606 620 ipsam
1676 537 1947 621 redeam,
2012 541 2283 603 omnium
2350 542 2785 627 episodiorum,

605 657 768 720 quae
800 635 988 700 Silius
1019 636 1099 699 ad
1131 637 1489 720 exemplum
1519 636 1821 701 Aeneidis
1857 638 2163 724 disposuit
2206 646 2397 724 atque
2441 642 2785 724 exornavit,

534 732 536 739 '
603 736 726 800 duo
770 757 1001 815 genera
1046 757 1182 800 esse
1227 730 1449 801 statuo.
1518 735 1809 801 Alterum
1855 739 2019 802 enim
2062 761 2277 822 genus,
2319 746 2389 804 ut
2431 741 2519 805 ita
2562 742 2784 824 dicam,

601 857 808 900 meras
852 837 1257 917 inventioneS,
1301 837 1526 921 quibus
1581 859 1662 902 ex
1706 838 1990 903 Aeneide
2044 842 2379 926 assumptis
2420 864 2520 906 res
2563 865 2784 928 propo-⁴

602 937 723 1006 sita
768 943 1124 1017 exornatur,
1165 937 1470 1017 continet3
1509 938 1712 1024 altero,
1740 938 1804 1001 in
1834 960 2066 1021 genere
2097 948 2539 1023 argumentum
2579 942 2784 1026 ipsum

603 1037 934 1100 annalibus
978 1037 1258 1118 debetur,
1304 1036 1431 1119 sed,
1490 1039 2000 1121 quotiescumque
2058 1041 2299 1104 occasio
2343 1041 2493 1105 data
2537 1049 2649 1123 est,
2706 1042 2786 1105 ad

601 1137 872 1221 Vergilii
932 1137 1293 1220 exemplum
1356 1139 1747 1222 componitur
1817 1144 1879 1202 et
1944 1139 2265 1223 dirigitur..
2344 1140 2465 1204 His
2520 1140 2785 1204 adiciam

602 1226 971 1301 nonnullos
1012 1236 1393 1300 Punicorum
1433 1239 1618 1317 locOS,
1663 1238 1773 1322 qui
1814 1239 2099 1323 quamvis
2144 1237 2226 1304 ex
2267 1239 2552 1305 Aeneide
2606 1242 2787 1326 petiti

604 1337 743 1418 sint,
787 1343 1002 1401 tamen
1044 1337 1250 1401 idonei
1292 1359 1417 1401 non
1459 1343 1621 1419 sunt,
1668 1338 1775 1422 qui
1819 1339 1986 1402 omni
2017 1360 2100 1402 ex
2130 1346 2310 1425 parte
2339 1362 2479 1404 cum
2502 1340 2787 1424 Vergilio

603 1440 1058 1522 comparentur.

766 1537 1002 1601 Prioris
1086 1537 1335 1619 generis
1422 1543 1565 1599 sunt
1663 1539 2034 1622 plerumque
2132 1559 2234 1602 res
2327 1540 2786 1624 mythologicae

603 1636 987 1720 deorumque
1056 1636 1421 1714 ministeria,
1507 1658 1770 1720 quorum
1852 1637 1933 1700 ab
2016 1638 2253 1702 auxilio
2323 1661 2426 1703 res
2493 1647 2786 1705 narratae

602 1736 907 1820 proficisci
970 1735 1276 1799 videntur.
1358 1735 1599 1818 Neque.
1650 1737 1852 1800 solum
1916 1738 2114 1800 omnis
2178 1738 2355 1820 rati0,
2421 1761 2546 1823 qua
2599 1741 2787 1805 huius

602 1835 775 1899 modi
812 1834 1306 1899 machinationes
1350 1835 1537 1899 Silius
1581 1837 1944 1920 composuit,
2002 1837 2112 1900 sed
2165 1838 2353 1901 etiam
2398 1840 2786 1922 singularum

603 1956 814 2000 rerum
869 1935 1201 2020 descriptio
1257 1934 1415 1998 adeo
1471 1936 1758 2018 congruit
1821 1957 1962 1999 cum
2029 1936 2330 2020 Vergilio,
2392 1944 2462 2001 ut
2530 1939 2789 2004 dubium

605 2056 921 2099 essenon
977 2034 1192 2118 possit,
1247 2035 1396 2115 quin
1450 2034 1553 2097 hic
1612 2035 1693 2098 sit
1733 2035 1901 2099 illius
1957 2042 2189 2100 auctor.
2271 2036 2496 2119 Itaque
2526 2035 2788 2103 ‘Brand-

605 2124 875 2199 staetero
920 2156 1043 2198 non
1087 2134 1432 2219 adstipulor
1452 2133 1515 2216 ¹),
1578 2135 1687 2216 qui
1737 2136 1799 2198 id
1857 2157 2068 2218 agens,
2120 2142 2192 2199 ut
2245 2137 2478 2222 primas
2533 2139 2612 2203 de
2654 2140 2789 2204 Silii

605 2235 879 2299 fontibus
921 2239 1134 2316 partes
1163 2234 1365 2297 Ennio
1397 2235 1689 2316 assignet,
1734 2235 1907 2303 dicit:
1958 2257 2078 2315 „ex
2106 2236 2307 2300 Ennio
2351 2228 2558 2322 potius
2601 2262 2790 2325 quam

605 2357 640 2399 e
693 2335 973 2412 Vergilio
1041 2335 1128 2397 dii
1191 2335 1256 2397 in
1310 2334 1552 2398 Punica
1613 2334 1907 2398 videntur
1962 2335 2343 2400 transiisse“.
2451 2337 2645 2402 Cuius
2698 2341 2790 2404 rei

605 2435 790 2499 affert
832 2457 1106 2513 causam,
1149 2456 1312 2520 quae
1356 2434 1556 2513 magis
1600 2457 1684 2500 ex
1723 2435 1891 2499 illius
1935 2436 2188 2500 consilio
2233 2458 2423 2521 quam
2465 2460 2500 2503 e
2542 2439 2791 2523 reipsa

602 2536 799 2600 fluxit.
883 2535 1052 2599 Dicit
1096 2535 1282 2616 enim,
1341 2538 1635 2620 quoniam
1690 2537 1922 2620 exiguo
1978 2543 2221 2600 tantum
2263 2538 2561 2623 temporis
2603 2540 2791 2604 inter-

602 2636 769 2700 vallo
843 2635 1031 2699 Silius
1108 2657 1146 2699 a
1207 2635 1491 2719 Vergilio
1560 2637 1744 2717 absit,
1829 2637 1962 2701 veri
2034 2638 2234 2702 simile
2305 2660 2428 2704 non
2492 2661 2647 2722 esse,
2725 2642 2790 2705 in

601 2736 841 2800 Punica
905 2757 987 2799 ex
1048 2734 1332 2800 Aeneide
1403 2736 1551 2801 deos
1621 2758 1760 2801 esse
1829 2739 2184 2819 translatOS,
2258 2739 2366 2802 sed
2436 2740 2656 2804 Silium
2726 2741 2790 2804 id

603 2836 809 2921 potius
853 2836 1163 2901 studuisse
1224 2842 1330 2916 „ut
1370 2837 1588 2920 poesin
1627 2835 1986 2900 Ennianam
2039 2838 2309 2922 priscam
2368 2845 2556 2921 atque
2614 2840 2791 2904 obso-

602 2938 816 3017 letam,
861 2943 1144 3000 sanctam
1183 2943 1397 3000 tamen
1425 2937 1975 3020 venerabilemque
2020 2939 2199 3022 quasi
2228 2939 2616 3003 renovaret“.
2666 2941 2790 3005 Sed

604 3037 656 3099 si
696 3037 802 3100 ille
845 3037 940 3100 vir
983 3036 1198 3100 doctus
1240 3035 1333 3117 iis,
1376 3058 1539 3121 quae
1569 3036 2029 3122 Heynacherus
2072 3037 2151 3102 de
2178 3037 2400 3120 Ennio,
2443 3039 2578 3103 Silii
2620 3041 2791 3105 fonte

605 3136 915 3218 disseruit,
967 3143 1374 3221 tantoopere
1418 3143 1734 3221 permotus
1787 3159 1909 3201 non
1966 3144 2149 3220 esset,
2212 3139 2321 3203 sed
2377 3138 2598 3204 Silium
2653 3140 2789 3204 dili-

605 3237 854 3319 gentius
898 3258 1036 3300 cum
1059 3236 1343 3319 Vergilio
1388 3243 1830 3322 comparasset,
1872 3244 2040 3301 certe
2084 3238 2512 3319 intellexisset,
2558 3246 2791 3321 quanto

604 3358 791 3419 opere
834 3337 941 3400 ille
984 3337 1064 3400 ab
1109 3337 1226 3401 hoc
1282 3336 1584 3420 penderet
1640 3359 1763 3402 non
1817 3338 1882 3399 in
1936 3338 2195 3416 deorum
2236 3346 2546 3423 apparatu
2589 3340 2794 3421 modo,

605 3437 716 3500 sed
760 3437 950 3501 etiam
991 3438 1057 3500 in
1100 3438 1238 3501 aliis
1280 3439 1485 3502 rebus.

771 3537 895 3601 Sed
950 3539 1076 3601 iam
1142 3545 1583 3601 enumerentur
1637 3538 1823 3602 huius
1888 3540 2136 3621 generis
2197 3540 2577 3604 imitationes
2631 3539 2789 3604 Ver·

605 3608 896 3720 gilianae,
955 3659 1111 3723 quas
1155 3637 1393 3756 eodem
1419 3637 1652 3720 ordine,
1697 3660 1819 3723 quo
1874 3640 1940 3702 in
1980 3640 2116 3725 ipso
2159 3641 2433 3704 carmine
2474 3641 2787 3724 leguntur,

605 3737 901 3802 afferam:

771 3838 820 3901 Ι.
879 3839 1124 3920 Statim,
1181 3845 1251 3902 ut
1307 3839 1632 3903 Ernestius
1689 3840 1797 3921 ait,
1864 3840 1941 3926 in
1985 3841 2197 3905 limine
2255 3841 2543 3924 carmini-‚s
2598 3839 2787 3904 Silius

605 3937 873 4021 Vergilii
926 3939 1302 4004 imitatorem
1359 3960 1424 4003 se
1479 3939 1703 4025 prodit.
1799 3939 2142 4005 Enuntiato
2197 3942 2365 4005 enim
2419 3945 2787 4025 argumento

772 4170 813 4234 ι)
859 4173 918 4225 F.
965 4172 1026 4225 E.
1072 4173 1527 4236 Brandstaeterus,
1576 4173 1656 4226 De
1707 4175 1841 4228 Pun.
1889 4174 1980 4234 Sil.
2033 4176 2363 4249 argumento,
2414 4173 2553 4240 stilo,
2597 4174 2788 4228 ornatu

608 4254 831 4328 poetico.
897 4255 1216 4330 Vitebergae
1252 4252 1398 4323 1877,
1433 4273 1486 4330 p.
1519 4252 1732 4312 11—13.
