3264 4882
1465 344 1553 418 '-
1642 335 1886 436 oo—

745 556 865 619 His
908 555 1219 640 quaedam
1263 554 1619 636 adiungam,
1678 577 1841 640 quae
1899 556 2089 619 Silius
2144 577 2256 642 per
2309 557 2762 642 metaphoram,

577 675 741 738 quae
782 661 1060 736 vocatur,
1104 676 1404 740 expressa
1448 676 1483 718 e
1528 654 1805 734 Vergilio
1849 657 2133 742 repetiit:

997 848 1192 915 verg.
2187 847 2303 900 sil.
2357 846 2360 847 *

578 951 604 1000 I
637 945 753 1001 301.
788 948 866 998 VI
902 944 992 999 19:
1029 948 1306 1016 remigium
1342 949 1550 999 alarum
1723 948 1832 998 XII
1866 946 1961 1000 98:
2025 946 2157 999 remi
2191 964 2486 1015 pennarum

578 1033 656 1083 IV
692 1028 835 1099 1213-
881 1032 1000 1087 alae
1070 1029 1157 1094 (de
1226 1032 1564 1083 venatoribus
1723 1032 1778 1081 II
1811 1027 1938 1083 419:
2019 1032 2137 1083 alae
2173 1034 2460 1083 venantum

578 1199 628 1249 V
662 1195 788 1250 339:
878 1214 1018 1249 nunc
1054 1113 1231 1249 terti}l
1232 1113 1413 1265 {2311}
1436 1197 1624 1255 Diores
1724 1200 1855 1250 XVI
1877 1197 1999 1252 504·
2023 1215 2163 1250 nunc
2210 1198 2367 1250 tertia
2409 1198 2590 1264 palma
2633 1197 2767 1249 Hes·

463 1364 477 1373 ‘
578 1364 686 1415 VII
720 1361 846 1416 793:
882 1365 1092 1416 nimbus
1159 1362 1247 1426 (de
1316 1361 1593 1424 exercitu)
1724 1365 1801 1416 VI
1836 1314 1948 1416 336.
1985 1365 2093 1416 XII
2130 1360 2251 1415 168:
2287 1297 2482 1415 ngblezn

580 1448 686 1498 VII
704 1443 819 1498 223.
839 1445 1088 1515 XI1284·
1106 1451 1392 1514 tempestas
1446 1465 1472 1489 »
1724 1448 1828 1500 XV
1848 1446 1976 1500 627.

579 1530 687 1581 VII
703 1528 817 1582 526.
838 1528 1086 1582 X11663:
1105 1546 1254 1598 seges
1450 1548 1474 1572 »
1725 1532 1857 1583 XVI
1890 1529 2005 1584 616.

580 1613 660 1664 XI
695 1610 820 1664 313:
878 1616 989 1664 toto
1013 1616 1272 1664 certatum
1296 1616 1375 1665 est
1405 1629 1623 1679 cor·p01e
1726 1614 1833 1665 XII
1867 1611 1989 1665 318:
2027 1613 2258 1679 Co1po1e
2281 1612 2354 1664 sic
2379 1560 2489 1663 toto
2517 1629 2580 1664 ac
2604 1630 2767 1663 mem-

1176 1697 1326 1763 regni
2078 1696 2185 1747 bris
2211 1695 2382 1746 Roma
2409 1693 2652 1746 omnibus
2673 1710 2770 1746 usa

581 1778 634 1829 X
667 1776 793 1830 307:
878 1779 1022 1830 unda
1057 1779 1279 1830 retrahit
1313 1778 1503 1845 pedem
1726 1780 1804 1830 VI
1840 1776 1966 1832 140:
2024 1777 2263 1841 (flumen)
2331 1778 2466 1845 pede
2534 1779 2704 1829 sulcat

579 1862 662 1913 IX
696 1858 820 1914 125:
879 1865 1197 1928 revocatque
1240 1862 1429 1930 pedem
1469 1861 1625 1914 Tibe·
1975 1932 1978 1933 ⁷
2322 1876 2513 1914 arenas

583 2029 773 2097 Georg.
809 2029 836 2080 I
870 2026 998 2080 514:
1034 1963 1224 2080 audirrel
1229 1962 1339 2089 11(le
1364 2027 1626 2091 curribus)
1729 2029 1861 2080 XIV
1875 2027 1997 2081 393:
2030 2067 2042 2079 .
2084 2067 2096 2079 .
2141 2067 2152 2078 .
2191 2068 2203 2080 .
2251 2025 2339 2090 (de
2390 2027 2614 2170 ni3vibus
2661 2027 2771 2080 dic-

2325 2113 2438 2161 tum

665 2214 690 2238 »
779 2195 835 2246 11
869 2193 995 2247 462:
1032 2196 1176 2247 unda
1211 2197 1538 2247 salutantum
1698 2196 1805 2247 -IV
1841 2191 1967 2246 159·
2029 2193 2203 2265 undae
2238 2193 2504 2244 Boiorum.

745 2360 1034 2444 Denique
1092 2362 1455 2426 elocutionis
1510 2362 1915 2443 Vergilianae
1983 2360 2250 2439 vestigia
2314 2358 2483 2473 apud
2548 2358 2771 2422 Silium

579 2463 828 2525 invenio
871 2462 934 2525 in
980 2463 1166 2526 certis
1209 2462 1455 2526 dicendi
1497 2462 1795 2528 formulis.
1860 2462 2239 2548 Saepissime
2271 2461 2436 2524 enim
2465 2457 2775 2541 videmus,

579 2561 801 2625 Silium
845 2562 1039 2626 verba
1081 2563 1146 2625 in
1189 2562 1454 2628 formam
1483 2564 1915 2649 Vergilianam
1961 2564 2050 2625 ita
2092 2560 2430 2645 redegisse,
2451 2566 2543 2624 ut
2572 2562 2769 2623 solam

581 2662 847 2726 formam
934 2663 1242 2727 enuntiati
1325 2670 1388 2728 et
1481 2664 1949 2729 collocationem
2033 2663 2366 2727 verborum
2448 2661 2770 2746 reciperet.

577 2763 942 2827 Formulam
985 2770 1199 2827 autem
1241 2763 1524 2848 Vergilio
1567 2765 1746 2828 illum
1789 2763 2037 2845 debere,
2095 2778 2180 2826 ex
2230 2784 2303 2826 eo
2358 2762 2768 2844 intellegitur,

580 2862 744 2945 quod
812 2885 848 2927 e
909 2863 1191 2947 Vergilio
1253 2864 1498 2942 singula
1561 2864 1870 2928 vocabula
1907 2905 1910 2908 ι
1941 2862 2290 2949 adsumpsit
2363 2877 2563 2946 eaque
2611 2875 2780 2924 'cum

581 2962 674 3043 iis,
741 2977 925 3048 quae·
969 2963 1105 3049 ipse
1174 2963 1433 3045 addidit,
1496 2965 1586 3027 ita
1649 2964 1987 3046 coniunxit,
2060 2970 2129 3026 ut
2202 2962 2472 3041 eundem
2542 2962 2767 3042 locum,

580 3085 767 3147 quem
811 3064 980 3150 apud
1023 3064 1394 3147 Vergilium,
1436 3066 1785 3146 obtineant,
1831 3066 1934 3129 vel
1988 3066 2050 3127 in
2106 3086 2291 3128 versu
2347 3055 2450 3128 vel
2495 3069 2661 3127 certe
2704 3062 2770 3125 in

580 3185 822 3228 conexu
864 3164 1212 3228 verborum.
1277 3166 1483 3240 Quam
1526 3166 1605 3230 ob
1648 3187 1801 3247 rem,
1846 3187 1969 3250 quo
2012 3164 2217 3248 magis
2249 3153 2766 3248 cum-exemplari
2833 3247 2840 3255 .

580 3263 743 3348 quod
817 3272 1068 3329 secutus
1141 3272 1236 3330 est
1305 3266 1671 3347 consentiat,
1755 3267 1964 3331 verbis
2035 3266 2180 3329 inde
2250 3264 2569 3328 translatis
2615 3262 2768 3327 'alia

581 3363 886 3447 adiungit,
942 3366 1168 3450 quibus
1222 3367 1593 3451 plerumque
1651 3367 2036 3450 syllabarum
2092 3386 2386 3429 numerus
2442 3364 2610 3428 idem
2677 3369 2769 3426 est

582 3484 655 3527 ac
724 3465 933 3528 v'erbis
993 3487 1027 3529 e
1085 3466 1345 3530 Marone
1415 3487 1537 3530 non
1601 3467 1832 3549 petitis.
1916 3465 2247 3549 ExempIO,
2322 3457 2480 3549 quid*
2542 3464 2766 3544 dicam,

580 3563 1072 3630 demonstretur:
1118 3566 1557 3650 Vergilianum
1597 3567 1666 3630 Π
1710 3568 1862 3638 291:

751 3666 901 3746 „Sat
942 3667 1185 3753 patriae
1226 3668 1606 3750 Priamoque
1648 3665 1902 3730 datum“
1951 3666 2140 3730 Silius
2194 3666 2283 3729 ita
2326 3665 2606 3728 imitatus
2650 3669 2761 3744 est,

580 3773 651 3830 ut
713 3767 865 3831 item
934 3766 1117 3847 „Sat“
1193 3767 1256 3831 in
1326 3767 1522 3849 initio,
1592 3765 1882 3847 „datum“
1950 3767 2014 3830 in
2053 3767 2234 3830 exitu
2307 3764 2615 3829 enuntiati
2667 3763 2764 3826 ad

581 3867 747 3930 illius
791 3869 1151 3954 exemplum
1194 3874 1472 3954 poneret,
1518 3868 1627 3931 sed
1657 3868 1907 3931 varians
1949 3889 2062 3952 pro
2113 3865 2426 3950 „patriae“
2469 3864 2767 3928 scriberet

587 3966 827 4048 „fidei“,
891 3969 1234 4053 eodemque
1298 3968 1480 4032 modo
1544 3990 1658 4053 pro
1721 3965 2166 4052 „Priamoque“
2228 3971 2486 4052 poneret
2548 3985 2764 4049 „proa-

580 4065 858 4150 visque“.
956 4068 998 4132 J
1000 4090 1103 4132 am
1169 4090 1251 4132 ex
1313 4069 1493 4158 copia
1553 4068 1740 4136 huius
1803 4067 1969 4134 modi
2033 4068 2309 4136 locorum
2370 4087 2493 4136 non
2561 4063 2766 4134 nullos

584 4165 874 4238 afferam:
