3264 4882
1503 396 1915 456 —26-

787 572 982 637 Cuius
1024 575 1113 638 rei
1156 574 1468 638 mentione
1513 575 1682 638 facta
1720 582 1982 668 uterque
2020 583 2207 660 poeta
2244 584 2504 640 mortem
2544 579 2800 662 auguris

619 679 863 737 narrat:

717 823 850 875 Aen.
883 824 991 876 XII
1023 821 1146 877 461:
1579 825 1793 888 (occidit
1829 825 2159 889 Tolumnius)

1167 909 1438 959 Primus
1474 909 1527 959 in
1563 910 1811 962 adversos
1845 911 2011 962 telum
2048 912 2161 977 qui
2199 915 2508 963 torserat
2542 912 2718 964 hostes

717 990 809 1042 Sil.
841 990 891 1041 V
922 987 1050 1043 402:
1169 991 1446 1045 Occumbit
1481 992 1677 1058 Bogus,
1711 993 2001 1045 infaustum
2038 994 2154 1060 qui
2190 994 2450 1061 primus
2485 993 2553 1045 ad
2588 1011 2796 1047 amnem

1161 1074 1330 1125 Ticini
1364 1073 1605 1140 rapidam
1643 1075 1696 1125 in
1731 1075 1957 1128 Rutulos
1992 1080 2126 1128 cont
2141 1093 2171 1128 o
2186 1094 2213 1128 r
2228 1094 2252 1128 s
2266 1094 2295 1129 e
2310 1095 2336 1128 1·
2350 1080 2418 1129 at
2451 1078 2676 1129 hastam.

781 1206 892 1270 IV.
955 1205 1279 1270 Hannibal
1344 1207 1684 1291 perlustrat
1755 1207 2087 1271 simulacra
2156 1209 2219 1271 in
2283 1208 2518 1273 foribus
2582 1210 2798 1292 templi

616 1305 912 1370 Gaditani
984 1307 1294 1391 insculpta
1363 1306 1462 1368 HI
1527 1308 1623 1370 32.
1744 1308 1928 1371 Hanc
1999 1308 2458 1391 compositionis
2532 1309 2796 1373 formam

615 1427 649 1469 e
692 1406 973 1490 Vergilio
1021 1406 1204 1487 (Aen.
1237 1406 1332 1469 VI
1361 1408 1442 1469 20
1485 1413 1548 1470 et
1594 1405 1820 1491 Georg.
1863 1407 1960 1470 III
2005 1406 2109 1486 26)
2153 1406 2343 1471 Silius
2385 1410 2795 1494 assumpsisse

613 1506 874 1570 videtur.

778 1606 858 1670 V.
900 1606 1180 1671 Similem
1224 1609 1358 1671 eius
1402 1606 1567 1670 modi
1611 1608 2116 1691 compositionem
2171 1607 2358 1672 Silius
2413 1607 2597 1672 debet
2640 1608 2797 1673 Ver-

612 1707 760 1789 gilio
815 1706 878 1769 in
934 1707 1091 1771 libro
1146 1706 1243 1770 VI
1287 1710 1424 1771 653.
1507 1705 1650 1771 Hoc
1712 1708 1776 1769 in
1840 1708 1974 1772 loco
2040 1713 2284 1792 spectat
2347 1707 2669 1772 Hannibal
2732 1709 2796 1771 in

611 1805 849 1888 templo
898 1805 1138 1870 Literni
1190 1827 1291 1870 res
1347 1805 1510 1870 bello
1553 1806 1791 1870 Punico
1848 1807 2045 1888 primo
2102 1813 2313 1890 gestas
2372 1809 2631 1894 picturis
2688 1830 2795 1872 ex-

611 1904 863 1987 hjbitas,
933 1912 1004 1969 ut
1060 1904 1315 1970 Aeneas
1358 1907 1389 1968 I
1433 1907 1552 1970 453
1613 1907 1678 1969 in
1735 1907 1968 1990 templo
2027 1906 2525 1986 Carthaginiensi
2581 1930 2681 1972 res
2731 1910 2793 1971 in

610 2005 775 2069 bello
820 2003 1089 2070 Troiano
1133 2012 1357 2085 gestas.

777 2104 891 2168 VI.
952 2104 1026 2168 In
1093 2127 1307 2191 pugna
1379 2105 1549 2191 apud
1612 2105 1861 2169 Cannas
1935 2107 2263 2169 commissa
2324 2105 2580 2187 AeoluS‚
2658 2108 2792 2186 „cui

610 2205 868 2269 flamina
926 2226 1138 2269 carcer
1191 2206 1462 2291 Imperio
1519 2227 1870 2289 compressa
1925 2203 2131 2269 tenet“
2192 2204 2323 2284 (Sil.
2377 2206 2473 2269 IX
2532 2209 2647 2270 491
2709 2244 2790 2253 —

610 2305 871 2390 imperio
926 2306 1153 2391 premit
1205 2304 1363 2369 Aen.
1406 2306 1439 2368 I
1492 2305 1614 2386 54),
1673 2327 1711 2368 a
1764 2306 2031 2385 Junone,
2088 2325 2251 2388 quae
2305 2326 2426 2368 non
2482 2326 2677 2388 parva
2734 2308 2791 2370 ei

611 2404 771 2469 dono
815 2427 881 2470 se
925 2405 1216 2470 daturam
1261 2426 1396 2470 esse
1440 2405 1746 2491 promittit
1788 2404 1971 2485 (Aen.
2014 2405 2046 2468 I
2092 2405 2163 2468 71
2212 2440 2294 2448 -
2338 2404 2443 2469 Sil.
2485 2405 2582 2469 IX
2625 2406 2790 2487 494),

610 2513 824 2569 oratus
867 2505 1246 2570 Volturnum
1303 2514 1556 2569 ventum
1612 2512 1828 2569 contra
1875 2505 2194 2569 Romanos
2248 2506 2568 2569 inflantem
2621 2505 2790 2587 facit,

608 2612 678 2669 ut
718 2607 783 2669 in
826 2605 1109 2670 Aeneide
1155 2627 1366 2670 omnes
1409 2614 1629 2671 ventos
1671 2607 1736 2669 in
1777 2605 2037 2670 Aeneae
2081 2607 2360 2670 classem.

777 2705 916 2768 VH.
945 2706 1289 2787 Postquam
1311 2705 1636 2769 Hannibal
1665 2706 1745 2769 ab
1778 2705 1931 2769 urbe
1954 2705 2175 2785 Roma,
2203 2726 2392 2789 quam
2422 2726 2789 2790 expugnare

606 2825 729 2868 non
772 2806 993 2889 potuit,
1038 2805 1210 2886 abiit,
1252 2805 1522 2869 Romani
1572 2806 1722 2869 laeti
1767 2812 2001 2870 exeunt
2040 2806 2391 2889 locumque,
2435 2805 2544 2868 ubi
2587 2814 2791 2868 castra

605 2903 877 2968 hostium
932 2906 1137 2991 posita
1194 2911 1390 2986 erant,
1446 2905 1641 2969 oculis
1695 2905 2078 2988 perlustrant
2138 2911 2200 2968 et
2254 2905 2317 2966 in
2376 2905 2614 2967 animos
2672 2905 2790 2968 sibi

605 3011 921 3086 revocant,
987 3026 1109 3089 quo
1177 3005 1438 3086 quisque
1503 3006 1568 3068 in
1630 3006 1766 3069 loco
1832 3003 2042 3067 sedem
2104 3003 2409 3067 habuerit.
2496 3003 2600 3067 Sil.
2660 3002 2790 3065 XII

608 3106 728 3167 744
772 3103 836 3167 ff.
920 3103 1102 3168 Haec
1144 3104 1470 3189 descripsit
1511 3104 1593 3167 ad
1639 3106 1995 3189 exemplum
2024 3103 2290 3187 Vergilii
2321 3103 2475 3166 Aen.
2503 3103 2570 3166 II
2599 3106 2675 3166 27
2707 3103 2790 3181 ff.‚

605 3203 716 3266 ubi
771 3202 1025 3268 Troiani
1089 3204 1153 3267 in
1219 3210 1423 3269 castra
1480 3226 1518 3268 a
1575 3203 1835 3267 Graecis
1899 3205 2115 3268 relicta
2173 3226 2238 3268 se
2296 3204 2651 3283 conferunt3
2710 3224 2790 3266 ex

607 3303 827 3368 eodem
868 3305 1003 3369 loco
1046 3305 1236 3368 etiam
1281 3304 1470 3368 Silius
1513 3305 1671 3367 haec
1713 3304 2032 3367 transtulit
2072 3305 2293 3369 verba:

704 3454 838 3506 Aen.
873 3454 928 3505 II
961 3451 1055 3504 29:
1137 3470 1386 3506 saevus
1423 3454 1760 3506 tendebat
1795 3455 2047 3506 Achilles

707 3536 799 3588 Sil.
835 3535 944 3604 XII
978 3532 1104 3588 749:
1140 3552 1534 3603 saevusque
1570 3538 1966 3590 tetenderit
2001 3537 2247 3597 Hannon.

773 3668 949 3731 VIII.
1012 3668 1348 3733 Marcellus
1414 3668 1584 3755 apud
1648 3670 1754 3733 Sil.
1817 3669 1943 3732 XV
2004 3673 2150 3750 353,
2224 3676 2292 3732 ut
2364 3669 2532 3753 apud
2596 3668 2786 3750 Verg.

602 3769 857 3832 Aeneas
886 3768 1040 3849 (XII
1070 3770 1217 3847 432)
1255 3790 1397 3832 cum
1429 3769 1556 3833 filio
1601 3769 2069 3833 adulescentulo
2113 3790 2288 3832 arma
2330 3769 2447 3831 sibi
2491 3768 2787 3831 induente

605 3875 751 3932 ante
795 3890 1075 3954 pugnam
1120 3869 1488 3951 colloquitur
1540 3869 1844 3954 illumque
1887 3869 2190 3948 hortatur,
2234 3874 2304 3930 ut
2347 3868 2411 3931 in
2452 3867 2786 3951 pugnando

605 3969 801 4052 patris
842 3969 1138 4033 virtutem
1183 3969 1301 4033 sibi
1343 3975 1551 4032 sumat
1594 3970 1986 4054 exemplum:

703 4119 836 4171 Aen.
872 4119 981 4171 XII
1014 4117 1141 4171 435:
1177 4121 1349 4184 Disce,
1385 4136 1532 4188 puer,
1568 4120 1817 4171 virtutem
1852 4137 1916 4171 ex
1953 4135 2036 4169 me
2071 4133 2361 4184 verumque
2396 4115 2632 4167 laborem

705 4201 796 4254 Sil.
832 4202 935 4254 XV
969 4200 1095 4254 359:
1178 4242 1686 4255 ...........
1729 4202 1884 4255 lateri
1917 4205 1969 4254 te
2003 4202 2163 4268 iunge
2199 4205 2420 4267 paterno

1178 4286 1245 4336 Et
1279 4302 1363 4338 me
1398 4285 1538 4338 disce
1575 4302 1770 4337 novum
1808 4285 2030 4339 Martem
2065 4288 2269 4338 tentare
2305 4283 2572 4352 magistro.
