3264 4882
1497 361 2020 430 -46--·

611 549 831 615 dorum
853 548 915 630 ¹).
968 549 1170 612 Aliter
1213 570 1313 612 res
1358 569 1424 612 se
1465 548 1661 613 habet
1703 548 1871 632 apud
1901 549 2139 613 Silium.
2193 547 2361 614 Nam
2390 557 2796 618 1118111111116111

610 651 914 735 impendit
957 671 1233 735 operam,
1287 670 1367 712 ne
1410 670 1627 713 versus
1679 672 1850 714 more
1893 650 2256 731 Vergiliano
2309 660 2419 716 aut
2459 654 2796 720 Homerico

609 753 887 832 iteraret,
951 752 1043 814 ita
1107 772 1353 835 semper
1416 750 1548 814 fere
1611 750 1676 813 id
1737 752 1884 834 egit,
1939 773 2019 815 ne
2074 752 2139 814 in
2189 753 2448 837 paribus
2503 776 2796 819 versuum

610 853 779 934 locis,
825 851 1030 936 quoad
1074 851 1209 913 fieri
1252 856 1479 935 posset,
1533 850 1754 914 eadem
1797 852 1992 914 verba
2047 852 2210 915 inter
2261 874 2327 917 se
2381 855 2798 935 coniungeret.

608 952 984 1016 Iterationes
1026 971 1281 1035 prorsus
1323 971 1526 1034 pareS,
1584 972 1747 1034 quae
1798 952 2208 1036 reperiuntur,
2265 976 2377 1038 pro
2435 961 2608 1019 tanto
2662 977 2797 1020 ver·

609 1074 791 1116 suum
834 1072 1093 1114 numero
1131 1049 1465 1113 admodum
1501 1072 1684 1114 rarae
1721 1070 1926 1132 neque
1955 1054 2540 1118 commemoratione
2570 1055 2797 1139 dignae

611 1159 773 1233 sunt,
835 1158 941 1232 „ut
997 1173 1078 1214 ex
1135 1171 1240 1213 ore
1284 1149 1598 1213 cruorem“
1648 1151 1713 1214 X
1756 1153 2116 1234 247—2773
2179 1154 2472 1239 „cuspide
2528 1156 2791 1220 vulnus“

607 1253 640 1316 I
694 1255 835 1333 550,
897 1251 994 1314 IV
1054 1253 1190 1315 188.
1255 1253 1374 1313 619
1441 1251 1834 1335 saepissime,
1905 1252 2178 1336 „proelia
2241 1253 2498 1317 miscet“
2565 1255 2595 1317 I
2654 1260 2795 1338 266,

608 1352 672 1415 Χ
731 1355 870 1432 428,
934 1351 1093 1415 XIV
1163 1352 1296 1414 155.
1368 1352 1480 1413 521
1545 1357 1659 1414 610.
1763 1352 2144 1436 Plerumque
2209 1360 2442 1435 autem,
2511 1354 2562 1417 si
2627 1355 2795 1419 idem

606 1453 868 1516 verbum
939 1451 1344 1535 repetendum
1419 1450 1555 1527 fuit,
1626 1450 1882 1513 mutatis
1953 1452 2056 1514 vel
2127 1451 2353 1516 additis
2421 1454 2793 1539 quibusdam

608 1551 927 1615 vocabulis
974 1571 1321 1613 sermonem
1364 1549 1648 1613 variavit.
2006 1631 2010 1635 .

772 1651 995 1735 Itaque
1041 1651 1093 1714 si
1135 1650 1200 1713 in
1243 1650 1426 1713 certis
1468 1671 1762 1713 versuum
1798 1650 1947 1713 locis
1978 1651 2198 1715 eadem
2226 1652 2421 1715 verba
2450 1653 2793 1738 eodemque

609 1752 841 1829 ordine,
887 1770 1008 1832 quo
1054 1772 1092 1812 a
1134 1749 1417 1831 Vergilio
1461 1748 1690 1832 script-a
1734 1755 1930 1830 erant,
1983 1752 2308 1815 coniuncta
2362 1752 2531 1834 apud
2574 1752 2794 1817 Silium

607 1851 974 1931 invenimuS,
1028 1871 1152 1913 non
1208 1870 1452 1934 semper
1507 1848 1895 1930 contendam,
1949 1849 2058 1911 illa
2113 1852 2342 1935 scripta
2399 1874 2537 1917 esse
2591 1853 2794 1917 imita·

606 1952 791 2015 tionis
856 1950 1091 2030 studi03
1151 1948 1260 2012 sed
1317 1948 1367 2011 si
1422 1949 1820 2032 perspicuum
1879 1955 1992 2030 est,
2046 1949 2206 2012 tales
2265 1953 2595 2017 verborum
2655 1974 2796 2016 con·

606 2052 952 2114 iunctiones
990 2071 1024 2114 e
1054 2056 1221 2113 certo
1251 2047 1549 2111 Aeneidis
1592 2043 2002 2134 loco'petitas
2046 2070 2203 2129 esse,
2249 2070 2331 2112 ex
2375 2050 2472 2114 his
2514 2052 2797 2116 concludi

607 2172 789 2237 posse
835 2150 1100 2214 arbitror
1143 2148 1365 2212 Silium
1408 2169 1735 2232 persaepe,
1792 2140 2023 2212 8111011
2080 2148 2161 2212 ad
2217 2156 2456 2213 certum
2498 2151 2796 2217 Aeneidis

609 2252 991 2336 exemplum,
1063 2256 1276 2312 tamen
1338 2248 1622 2331 Vergilio
1696 2254 1951 2310 auctore
2022 2249 2112 2311 ita
2182 2249 2519 2333 scripsisse.
2628 2253 2796 2315 Nam

608 2351 814 2432 Silius,
876 2356 947 2413 ut
1012 2354 1149 2412 erat
1206 2347 1475 2430 Vergilii
1537 2347 1806 2411 lectione
1875 2348 2168 2429 imbutus,
2238 2348 2533 2413 facillime
2606 2351 2797 2414 etiam

607 2453 840 2516 invitus
895 2450 1089 2514 verba
1144 2470 1513 2531 componere
1568 2449 1790 2531 potuit,
1851 2470 2013 2533 quae
2071 2449 2279 2530 aliquo
2339 2451 2473 2513 loco
2537 2452 2797 2534 legerat.

610 2553 753 2627 Qua
795 2573 863 2615 re
905 2551 973 2613 hi
1013 2550 1133 2613 loci
1182 2548 1553 2633 repudiandi
1608 2570 1733 2612 non
1785 2555 1995 2629 erunt3
2052 2570 2199 2612 nam
2229 2549 2329 2612 ‘iis
2384 2549 2795 2615 demonstrari

608 2645 873 2732 videtur,
930 2671 1121 2732 quam
1179 2654 1468 2712 accurate
1523 2647 1712 2711 Silius
1767 2648 1998 2732 ubique
2041 2648 2411 2732 Vergiliana
2467 2651 2675 2715 studia
2729 2653 2793 2715 in

610 2774 790 2815 suum
831 2772 1015 2814 usum
1058 2737 1446 2812 converterit.

776 2851 824 2914 I.
866 2850 1079 2934 Atque
1122 2849 1390 2933 primum
1436 2847 1688 2930 quidem
1734 2867 2125 2929 quaeramuS,
2165 2849 2390 2930 quibus
2432 2849 2495 2913 in
2537 2851 2686 2915 locis
2730 2852 2795 2915 in

610 2957 883 3015 exeunte
934 2950 1303 3012 hexametro
1360 2946 1795 3011 similitudines
1853 2948 2172 3011 exsistant.
2255 2947 2379 3012 Sed
2434 2950 2554 3013 hac
2608 2951 2671 3013 in
2725 2972 2793 3015 re

610 3074 733 3116 non
771 3058 1006 3115 temere
1049 3049 1226 3112 nobis
1271 3047 1581 3131 agendum
1629 3050 1740 3111 est.
1816 3048 2178 3126 Zingerleus
2194 3047 2241 3129 2)
2286 3049 2450 3112 enim
2491 3072 2792 3134 magnum

609 3152 943 3216 verborum
984 3170 1314 3212 numerum
1358 3148 1558 3228 affert,
1605 3169 1769 3231 quae
1814 3147 1982 3232 apud
2027 3170 2237 3212 omnes
2294 3148 2426 3216 fere
2467 3157 2685 3235 poetas
2728 3152 2793 3214 111

609 3250 962 3315 hexametri
1004 3250 1125 3311 fine
1168 3269 1475 3333 persaepe
1519 3253 1868 3329 occurrunt,
1904 3249 2225 3330 multaque
2268 3251 2559 3334 exempla
2603 3250 2793 3331 addit,

611 3352 835 3434 quibus
890 3351 1111 3429 elucet,
1165 3348 1321 3412 tales
1363 3369 1656 3412 versuum
1699 3348 1854 3410 fines
1912 3368 2034 3411 non
2078 3369 2159 3411 ex
2200 3349 2562 3430 imitatione,
2604 3350 2711 3413 sed
2756 3371 2790 3412 e

608 3451 699 3515 rei
754 3456 981 3513 natura
1036 3449 1310 3512 fluxisse.
1399 3446 1523 3510 Sed
1578 3447 1850 3532 plurima
1905 3447 2062 3510 haec
2118 3448 2423 3511 vocabula
2479 3450 2792 3513 tralaticia

611 3557 771 3631 sunt,
825 3556 894 3613 ut
951 3556 1187 3635 pectuS,
1250 3563 1525 3629 agmen,¹
1562 3547 1838 3630 sanguis,
1905 3568 2157 3631 aequor,
2223 3549 2363 3628 alia,
2424 3570 2586 3633 quae
2642 3550 2790 3633 quin

602 3643 860 3732 'saepius
917 3655 1298 3734 usurpentur
1340 3647 1480 3732 pari
1523 3647 1587 3710 in
1628 3667 1716 3728 re,
1762 3647 1898 3709 fieri
1940 3669 2064 3710 non
2106 3654 2325 3732 potest.
2407 3647 2547 3732 Ego
2589 3648 2789 3711 nullos

609 3749 962 3813 hexametri
1008 3749 1216 3812 exitus
1260 3747 1523 3811 afferam
1565 3747 1687 3809 nisi
1731 3746 1837 3828 qui
1880 3746 2260 3829 Vergilianis
2316 3748 2594 3831 vestigiis
2638 3746 2787 3810 satis

609 3849 833 3912 imbuti
875 3848 1139 3932 putandi
1183 3854 1341 3912 sunt.

628 3999 743 4006 -ψ

781 4097 819 4160 ¹)
856 4099 1058 4159 Quibus
1094 4115 1122 4150 e
1158 4098 1313 4149 rebus
1339 4095 1493 4148 Statii
1517 4096 1892 4162 extemporalis
1916 4095 2142 4148 facultas
2177 4096 2423 4165 cognosci
2455 4096 2635 4164 possit,
2669 4096 2789 4149 vide

614 4181 932 4233 Kerckhoff:
967 4182 1119 4233 Duae
1155 4181 1488 4248 quaestiones
1522 4179 1865 4245 Papinianae.
1934 4180 2167 4232 Berolini
2203 4176 2347 4230 1884.
2384 4197 2434 4245 p.
2468 4175 2532 4229 31
2570 4178 2623 4230 ff.

778 4265 818 4326 2)
855 4265 939 4316 Ad
974 4265 1288 4316 recentiores
1324 4267 1505 4329 poetas
1539 4263 1771 4314 Latinos.
1845 4262 1976 4315 06111
2012 4267 2171 4330 ponte
2208 4261 2352 4316 1873.
2388 4280 2510 4330 pars
2546 4262 2647 4313 ΙΙΙ.
