3264 4882
1373 430 1443 438 -.
1532 396 1611 455 25
1650 363 1773 436 *-

488 580 715 663 quibus
771 600 961 662 saepe
1005 579 1329 643 diiudicari
1385 601 1507 642 non
1550 585 1775 661 potest,
1833 585 2054 642 utrumn
2087 579 2275 642 Silius
2316 579 2667 662 Vergilium

488 685 734 741 secutus
779 679 857 742 sit
902 701 982 742 an
1025 680 1231 763 potius
1278 670 1645 759 Homerum,
1690 680 1864 742 cuius
1906 679 2282 742 imitatorem
2318 678 2670 762 Vergilium

487 779 696 861 fuisse,
729 785 798 842 ut
829 801 1039 842 omnes
1069 787 1285 864 poetas
1316 781 1541 864 epiCOS,
1579 786 1795 842 notum
1833 786 1942 842 est.
2005 779 2095 841 Hi
2133 780 2298 842 enim
2318 779 2668 842 Homerum

488 879 859 962 quibusdam
905 880 967 942 in
1013 880 1294 964 partibus
1340 879 1535 941 secuti
1580 900 1935 941 communes
1985 879 2288 963 quosdam
2343 880 2508 943 locos
2551 880 2669 943 sibi

489 986 890 1062 paraverunt,
937 980 1042 1063 qui
1084 980 1146 1041 in
1192 979 1477 1043 omnibus
1521 979 1652 1043 fere
1683 979 2059 1042 carminibus
2103 986 2165 1042 et
2194 979 2364 1065 apud
2393 978 2667 1043 Graecos

488 1086 550 1141 et
611 1079 779 1163 apud
831 1078 1147 1142 Romanos
1201 1080 1433 1161 ubique
1492 1080 1772 1142 similiter
1827 1079 2172 1163 compositi·
2201 1087 2362 1142 sunt.
2442 1080 2666 1164 Itaque

489 1199 702 1242 omnes
757 1185 979 1262 poetae
1035 1179 1413 1243 carminibus
1468 1180 1636 1243 locos
1693 1200 1773 1242 ex
1814 1178 2076 1242 Homeri
2127 1179 2503 1244 carminibus
2560 1201 2666 1243 ex-

488 1299 732 1362 pressos
783 1277 1066 1357 intexere
1116 1285 1472 1362 potuerunt,
1530 1299 1911 1363 quamquam
1955 1278 2300 1342 Homerum
2355 1280 2559 1365 ipsum
2602 1280 2666 1342 in

488 1377 810 1440 scribendo
840 1379 1034 1441 secuti
1071 1401 1193 1442 non
1236 1387 1398 1460 sunt,
1443 1379 1552 1442 sed
1581 1380 1770 1442 alium
1803 1385 2075 1463 poetam,
2120 1379 2227 1462 qui
2256 1400 2359 1443 eos
2389 1378 2666 1444 Homero

487 1477 773 1541 debebat.
825 1478 963 1553 Quo
1008 1480 1168 1541 circa
1213 1479 1262 1541 si
1306 1485 1555 1562 praeter
1599 1479 1913 1564 quandam
1958 1479 2413 1563 compositionis
2456 1480 2665 1542 simili—

485 1576 762 1641 tudinem
823 1586 993 1642 certa
1049 1578 1437 1659 documenta,
1497 1580 1723 1660 quibus
1779 1579 1928 1642 Silio
1983 1580 2186 1642 locum
2231 1578 2666 1663 Vergilianum

487 1684 632 1741 ante
663 1679 872 1742 oculos
902 1679 1092 1741 fuisse
1122 1685 1355 1761 pateat,
1398 1678 1643 1758 desunt,
1686 1679 1901 1742 dubito
1941 1679 2332 1760 contendere,
2375 1679 2665 1744 imitatio-

486 1798 628 1840 nem
656 1778 1086 1856 Vergilianam
1119 1784 1385 1843 exstare.
1427 1778 1550 1842 Sed
1594 1800 1726 1842 rem
1749 1770 1833 1842 *in
1862 1778 2065 1842 medio
2099 1779 2452 1863 relinquere
2484 1781 2667 1858 ma10,

486 1879 877 1962 praesertim·
914 1900 1054 1942 cum
1125 1879 1250 1940 iam
1316 1880 1396 1941 ab
1469 1880 1607 1941 aliis
1671 1885 2217 1942 commemoratum
2279 1879 2376 1959 sit,
2445 1879 2664 1943 Silium

485 1979 832 2041 Homerum
874 1979 1087 2061 ipsum.
1122 2000 1243 2041 non
1286 1980 1373 2040 ita
1417 1999 1557 2041 raro
1602 1985 1885 2052 secutum
1927 1999 2081 2041 esse.

647 2077 929 2140 Primum
973 2084 1332 2161 sequantur,
1374 2096 1536 2159 quae
1580 2077 1770 2140 Silius
1799 2077 2082 2160 Vergilio
2126 2076 2356 2141 debere
2398 2078 2663 2160 videtur,

486 2177 599 2240 etsi
644 2178 706 2239 in
751 2178 1011 2260 singulis
1054 2178 1242 2241 rebus
1285 2178 1664 2262 comparatio
1706 2178 1948 2241 institui
1989 2199 2112 2242 non
2158 2185 2392 2263 potest:

646 2277 694 2339 I.
736 2276 828 2340 Ut
870 2277 1186 2356 Vergilius
1229 2278 1293 2340 in
1336 2278 1694 2341 recensione
1738 2278 1934 2341 Turni
1977 2278 2295 2361 copiarum
2331 2278 2660 2341 Camillam

483 2376 816 2460 quandam,
858 2377 1248 2441 Amazonum
1293 2379 1593 2461 reginam,
1637 2370 1916 2441 nominat
1959 2377 2110 2459 (VII
2152 2378 2315 2459 803),
2357 2379 2445 2457 ita
2476 2378 2663 2441 Silius

483 2475 563 2537 ad
634 2477 1011 2542 Hannibalis
1077 2479 1434 2543 'exercitum
1505 2479 1810 2560 Asbyten,
1889 2480 2281 2560 Amazonum
2359 2480 2661 2564 reginam,

481 2577 813 2641 accessisse
854 2579 1036 2661 fingit
1077 2578 1301 2658 (1156)
1344 2599 1672 2660 moresque
1718 2601 1932 2642 earum
1977 2587 2039 2642 et
2082 2580 2333 2643 habitus
2377 2580 2659 2642 similiter

479 2675 559 2738 ab
604 2685 865 2761 utroque
910 2678 1343 2742 describuntur
1385 2679 1567 2760 (Aen.
1611 2682 1733 2744 805
1776 2717 1857 2725 -
1900 2679 2009 2742 Sil.
2052 2679 2173 2759 68).

399 2785 404 2790 ’
642 2777 723 2839 Π.
767 2779 1016 2841 Turnus
1056 2778 1178 2857 (IX
1210 2780 1354 2857 722)
1397 2780 1590 2864 portis
1635 2802 1672 2842 a
1716 2779 2004 2843 Pandaro
2047 2780 2208 2843 inter
2250 2779 2658 2863 pugnandum

478 2876 733 2939 reclusis
771 2878 835 2940 in
873 2883 1078 2940 castra
1106 2879 1517 2964 Troianorum
1555 2879 1727 2942 nullo
1758 2880 1980 2943 comite
2008 2880 2295 2962 irrumpit
2324 2880 2659 2961 multisque

480 2976 677 3038 caesis
722 2997 802 3040 ex
847 2976 1110 3040 adversa
1154 2979 1407 3061 regione
1452 2979 1777 3043 incolumis
1822 2979 2047 3043 evadit.
2134 2980 2318 3042 Hanc
2357 2978 2658 3043 Aeneidis

479 3096 767 3138 scaenam
798 3076 981 3140 Silius
1021 3079 1084 3140 in
1125 3100 1305 3141 suum
1345 3101 1595 3142 carmen
1635 3079 1953 3142 transtulit
1982 3079 2145 3142 XIII
2180 3082 2313 3142 173.
2358 3079 2656 3142 Claudius

475 3174 798 3238 Romanus
841 3179 1175 3240 certamine
1219 3178 1522 3261 singulari
1565 3201 1706 3241 cum
1751 3178 1955 3242 Crista
1997 3179 2210 3242 Poeno
2252 3179 2437 3261 factO,
2483 3179 2657 3242 cuius

476 3273 598 3336 alio
642 3275 703 3336 in
746 3276 880 3339 loco
914 3275 1129 3339 Livius
1172 3278 1548 3341 mentionem
1590 3279 1742 3342 facit
1783 3277 1908 3360 (23,
1953 3277 2243 3359 46—47),
2288 3280 2470 3342 simul
2514 3301 2656 3343 cum

475 3373 652 3437 hoste
708 3374 985 3454 fugiente
1042 3378 1210 3440 nullo
1268 3378 1491 3441 comite
1552 3379 1615 3441 in
1675 3371 1957 3462 Capuam
2023 3379 2242 3442 urbem
2309 3379 2657 3462 ingreditur

474 3473 808 3556 evaditque
853 3496 933 3538 ex
977 3483 1158 3561 porta
1201 3477 1481 3541 adversa.

466 3647 467 3650 Ἴ
637 3573 749 3636 ΠΙ.
792 3573 1138 3639 0310010111
1168 3583 1314 3641 ante
1356 3600 1635 3662 pugnam
1688 3580 1882 3663 copiis
1933 3579 2245 3642 obiectum
2289 3578 2655 3643 Tolumnius

473 3693 677 3755 augur
739 3674 1012 3758 explicat
1078 3683 1140 3740 et
1209 3677 1357 3741 deos
1425 3679 1678 3742 Rutulis
1746 3679 1959 3742 favere
2028 3679 2348 3742 affirmans
2371 3747 2379 3755 ,
2405 3681 2529 3744 telo
2588 3682 2651 3743 in

471 3771 683 3835 hostes
720 3774 908 3837 misso
947 3776 1155 3858 efficit,
1186 3784 1254 3840 ut
1285 3778 1451 3841 acies
1479 3800 1704 3841 manus
1733 3786 2059 3843 conserant
2086 3779 2268 3859 (Aen.
2297 3780 2446 3860 XII,
2478 3781 2650 3861 266):

571 3941 617 3972 v.
654 3920 780 3974 266:
816 3924 980 3989 Dixit,
1016 3930 1068 3977 et
1103 3928 1350 3979 adversos
1385 3930 1548 3980 telum
1586 3932 1938 3982 contorsit
1974 3931 2040 3980 in
2077 3932 2314 3981 hostes

635 4055 877 4121 Eadem
921 4081 1020 4122 res
1064 4060 1231 4144 apud
1273 4061 1494 4124 Silium
1536 4063 1767 4145 legitur
1809 4062 1902 4125 IV
1952 4065 2097 4124 134:

818 4208 951 4259 Tum
987 4210 1141 4261 dictis
1176 4213 1421 4264 comitem
1456 4229 1483 4263 c
1499 4230 1529 4263 o
1546 4218 1614 4263 nt
1630 4225 1702 4264 or
1717 4230 1749 4279 q
1765 4230 1800 4264 u
1814 4218 1878 4264 et
1915 4213 2116 4280 primus
2152 4214 2216 4264 in
2253 4215 2288 4265 h
2304 4229 2333 4263 o
2349 4217 2407 4263 st
2423 4230 2450 4264 e
2466 4230 2490 4264 s

818 4331 1326 4346 ...........
1364 4296 1588 4346 hastam.
