3264 4882
483 584 593 641 aut
634 576 738 657 (de
780 554 951 640 fama
993 576 1282 657 dictum):

579 728 711 781 Aen.
745 729 824 780 IV
862 725 987 780 188:
1023 729 1156 780 Tam
1189 729 1296 781 ficti
1332 728 1588 795 pravique
1623 731 1785 780 tenax
1823 746 1983 796 quam
2019 730 2204 781 nuntia
2239 730 2365 781 veri.

580 812 673 866 Sil.
745 812 824 863 VI
857 808 985 864 554:
1020 812 1162 864 Vera
1196 828 1260 864 ac
1293 812 1417 863 ficta
1452 812 1609 863 simul
1644 812 1929 879 spargebat
1964 813 2110 865 fama
2144 829 2241 880 per
2275 812 2476 864 urbem.

647 960 996 1027 Siliumhis
1025 961 1304 1025 versibus
1331 960 1602 1043 Vergilii
1645 961 1809 1025 locos
1839 981 1993 1042 quos
2022 961 2325 1046 adscripsi
2352 962 2664 1034 imitatum

482 1083 635 1141 esse,
676 1083 790 1146 per
833 1083 899 1125 se
943 1062 1092 1125 satis
1146 1060 1300 1124 mihi
1355 1081 1479 1124 non
1521 1066 1741 1144 patere
1784 1060 2050 1140 videtur,
2094 1061 2261 1143 quod
2302 1061 2664 1125 imitationis

422 1212 431 1225 .
481 1162 853 1227 documenta
895 1182 1147 1246 prorsus
1189 1160 1415 1224 desunt
1459 1166 1521 1225 et
1563 1160 1629 1224 in
1658 1160 1863 1224 verbis
1907 1166 1970 1224 et
2011 1160 2074 1223 in
2119 1162 2472 1242 sententiis3
2516 1184 2660 1225 nam

480 1283 580 1325 res
621 1263 759 1346 ipsa
801 1281 1010 1324 secum
1053 1259 1194 1340 fert,
1238 1282 1400 1345 quae
1443 1261 1531 1324 ibi
1572 1260 1739 1324 dicta
1782 1267 1943 1324 sunt.

645 1359 827 1434 Quod
870 1359 1138 1445 denique
1168 1360 1506 1426 Schererus
1549 1361 1699 1425 dicit
1739 1360 1817 1424 de
1861 1360 2062 1446 poetis
2099 1361 2163 1423 in
2200 1382 2382 1425 usum
2412 1363 2665 1442 vocatis,

480 1481 743 1544 quorum
787 1460 1063 1523 carmina
1105 1480 1269 1523 nunc
1321 1459 1650 1545 deperdita
1700 1460 1966 1546 ideoque
2022 1460 2199 1524 nobis
2249 1460 2466 1544 ignota
2520 1466 2663 1525 sunt

479 1560 579 1623 vel
621 1559 949 1624 imitatoris
990 1558 1373 1644 temporibus
1417 1560 1679 1645 obscura
1718 1566 1914 1641 erant,
1954 1559 2073 1624 hoc
2113 1560 2325 1645 aliqua
2365 1581 2446 1624 ex
2482 1568 2662 1646 parte

480 1659 545 1722 in
588 1659 805 1723 Silium
858 1658 1166 1744 quadrare
1219 1658 1502 1723 arbitror.
1589 1660 1901 1734 Quoniam
1963 1661 2127 1724 enim
2184 1665 2443 1740 constat,
2497 1661 2663 1745 quod

482 1760 732 1841 quidem
797 1781 831 1824 e
895 1760 1264 1843 fragmentis
1328 1759 1735 1825 demonstrari
1805 1766 2031 1846 potest,
2104 1759 2325 1823 Silium
2388 1759 2664 1825 Ennium

479 1859 817 1923 identidem
857 1859 1170 1922 imitatum
1214 1881 1368 1943 esse,
1427 1882 1551 1924 non
1602 1882 1943 1945 numquam
1993 1882 2121 1923 una
2172 1881 2315 1923 cum
2339 1859 2661 1945 «Vergilio,

478 1959 664 2023 facile
732 1959 868 2022 fieri
938 1964 1161 2044 potest,
1233 1960 1354 2022 nisi
1422 1959 1608 2023 huius
1677 1960 1769 2024 rei
1831 1961 2139 2024 rationem
2200 1959 2526 2038 habemus,
2593 1967 2663 2025 ut

477 2058 763 2141 Vergilio
810 2058 1255 2140 adscribamuS‚
1299 2059 1464 2143 quod
1507 2059 1712 2125 Ennio
1755 2060 1964 2146 potius
2004 2058 2406 2123 tribuendum
2451 2065 2563 2123 est.

641 2157 787 2222 Hae
832 2164 975 2222 sunt
1018 2179 1265 2240 causae,
1309 2158 1536 2241 quibus
1579 2159 1887 2223 adductus
1931 2181 2088 2240 sum,
2145 2165 2216 2222 ut
2272 2166 2454 2223 caute
2504 2152 2661 2223 iudi-

477 2279 619 2322 care
683 2280 807 2322 non
870 2259 1059 2322 nullis
1131 2260 1198 2322 in
1273 2260 1427 2323 locis
1491 2281 1682 2343 quam
1740 2266 1976 2324 temere
2040 2259 2293 2323 modum
2356 2260 2661 2325 excedere

477 2359 750 2441 mallem,
809 2380 967 2423 neve
1009 2359 1292 2444 Vergilio
1349 2360 1754 2445 assignarem,
1812 2381 1975 2446 quae
2033 2381 2114 2424 ex
2173 2361 2281 2424 illo
2338 2357 2663 2445 assumpta

479 2480 618 2523 esse
661 2460 923 2524 fortasse
966 2460 1344 2524 viderentur.

642 2559 822 2638 Quae
878 2565 1089 2623 autem
1148 2559 1336 2625 Silius
1391 2582 1426 2624 e
1476 2560 1763 2643 Vergilio
1818 2561 2069 2647 petierit
2125 2568 2187 2626 et
2237 2584 2363 2647 qua
2419 2563 2660 2628 ratione

475 2659 541 2722 in
582 2659 658 2722 iis
699 2681 850 2722 usus
893 2659 988 2741 sit,
1030 2660 1228 2723 tribus
1272 2681 1306 2724 e
1349 2662 1535 2725 rebus
1578 2661 1847 2744 intelligi
1889 2683 2072 2746 posse
2118 2683 2371 2726 censeo:
2418 2684 2452 2727 e
2497 2684 2660 2727 com-

476 2761 798 2845 positionis
861 2767 1035 2848 arte„
1078 2782 1160 2824 ex
1227 2762 1676 2826 imitationibus
1739 2763 2125 2847 singulorum
2189 2786 2501 2847 versuum,
2579 2786 2661 2829 ex

477 2860 840 2925 elocutione.
951 2860 1100 2923 Tria
1175 2861 1366 2945 igitur
1441 2863 1507 2925 in
1584 2863 1795 2947 capita
1872 2862 2372 2927 dissertationem
2452 2860 2663 2928 meam

473 2961 864 3026 distribuam.
