3264 4882
1303 371 1414 433 ’-
1497 387 1745 447 27—

1093 569 1336 634 Deinde
1367 590 1472 632 eos
1497 568 1665 631 locos
1694 565 2026 654 adnotabo,
2056 562 2392 647 111011111118,
2420 568 2630 624 utrum

452 675 640 739 Silius
666 672 1019 756 Vergilium
1050 692 1130 734 an
1161 669 1506 733 Homerum
1535 672 1682 730 ante
1712 667 1919 730 oculos
1952 663 2264 744 habuerit,
2307 660 2631 725 diiudicari

450 775 667 858 nequit
706 778 818 853 aut
860 771 969 835 ubi
1009 777 1341 853 utrumque
1385 789 1530 831 eum
1573 771 1856 830 secutum
1899 785 2034 828 esse
2077 763 2210 827 veri
2261 761 2460 826 simile
2505 766 2628 824 est:

616 874 665 937 L
707 872 781 935 In
825 870 1238 955 descriptione
1282 868 1466 953 clipei
1509 865 1887 929 Hannibalis
1943 864 2235 949 exempla
2290 861 2512 925 habuit
2565 859 2630 922 in

451 973 609 1038 Aen.
651 972 813 1036 VIII
857 972 1315 1053 626—728.et
1346 967 1532 1031 Hom.
1575 965 1920 1045 11„va
1963 965 2312 1042 428—617,
2366 981 2630 1046 quorum

450 1080 784 1156 utrumque
845 1072 1049 1134 locum
1116 1089 1454 1152 usurpasse
1517 1066 1797 1146 videtur,
1861 1066 1926 1127 in
1983 1064 2050 1126 H
2109 1065 2229 1126 449
2295 1062 2359 1124 in
2414 1060 2629 1147 primis

451 1173 524 1236 Il.
587 1195 643 1236 v.
708 1174 846 1242 478,
913 1170 1021 1233 ubi
1087 1169 1316 1232 circuni
1383 1173 1732 1231 extremam
1795 1163 1985 1250 clipei·
2048 1160 2221 1226 oram
2291 1162 2629 1245 imaginem

452 1272 676 1336 Hiberi
715 1270 985 1334 fluminis
1028 1269 1240 1332 fictam
1285 1289 1419 1332 esse
1462 1267 1630 1330 dicit.

616 1372 701 1435 II.
746 1369 978 1434 Similis
1021 1376 1116 1433 est
1157 1370 1330 1433 locus
1373 1367 1508 1430 Silii
1536 1365 1665 1428 VH
1695 1367 1835 1446 429,
1880 1364 1990 1428 ubi
2016 1363 2281 1426 Proteus
2318 1362 2629 1448 nymphis,

451 1491 611 1553 quae
677 1470 952 1534 adventu
1016 1469 1231 1533 classis
1297 1465 1833 1549 Carthaginiensis
1902 1462 2270 1550 perterritae
2342 1462 2421 1525 ad
2486 1483 2629 1525 eum

341 1593 346 1599 ·
450 1571 880 1654 confugerant,
926 1569 1269 1634 vaticinans
1313 1566 1643 1629 inducitur.
1729 1565 1902 1628 Talis
1956 1564 2033 1627 de
2075 1563 2301 1626 Proteo
2357 1561 2629 1624 narratio

449 1671 683 1753 legitur
737 1670 966 1753 Georg.
1008 1668 1101 1731 IV
1147 1669 1264 1731 387
1312 1672 1375 1729 et
1418 1665 1533 1730 Od.
1575 1665 1671 1728 IV
1716 1667 1855 1728 384.
1939 1663 2244 1742 ErnestiO,
2300 1663 2406 1746 qui
2462 1662 2628 1725 hunc

449 1772 655 1834 locum
700 1792 736 1834 e
777 1768 1057 1852 Vergilio
1100 1767 1322 1831 Silium
1364 1766 1615 1852 petiisse
1659 1771 1857 1851 putat,
1899 1764 2045 1846 quia
2086 1784 2303 1827 versus

550 1943 739 2011 Georg.
769 1940 895 1995 374:
931 1943 1218 2010 pendentia
1253 1942 1460 2009 pumice
1496 1944 1635 1992 tecta

549 2026 639 2078 Sil.
674 2022 798 2078 419:
929 2026 1203 2093 pumiceas
1237 2024 1386 2076 sedes

549 2109 739 2175 Georg.
770 2105 897 2160 418:
933 2124 1119 2175 specus
1154 2109 1339 2175 ingens
1375 2107 1519 2158 exesi
1555 2107 1720 2157 latere
1755 2107 1809 2157 in
1845 2105 2036 2156 montis

550 2191 640 2243 Sil.
675 2186 799 2242 419:
928 2192 983 2242 in
1018 2194 1170 2243 antro
1207 2229 1218 2241 .
1257 2229 1268 2241 .
1307 2229 1318 2241 .
1353 2189 1597 2256 abrupto.

448 2349 611 2412 inter
654 2369 720 2411 80
763 2347 1195 2428 respondeant,
1237 2347 1607 2430 adstipulari
1650 2367 1773 2409 non
1826 2366 2096 2431 possum.
2179 2343 2403 2428 Neque
2460 2343 2622 2406 enim

358 2481 363 2485 ·
453 2471 528 2511 ea
572 2453 666 2511 081
721 2447 941 2510 horum
997 2468 1289 2520 versuum
1333 2445 1669 2510 similitudo
1712 2453 1782 2509 ut
1826 2467 1907 2509 ex
1951 2445 2024 2508 iis
2080 2443 2360 2509 concludi
2414 2444 2625 2530 possit,

451 2568 532 2610 ex
575 2546 856 2629 Vergilio
901 2546 1058 2610 haec
1114 2549 1175 2609 a'
1209 2546 1357 2610 Silio
1414 2568 1712 2633 expressa
1768 2566 1922 2609 esse.
2005 2544 2316 2629 Equidem
2371 2564 2504 2607 rem
2557 2543 2622 2606 in

448 2645 653 2710 medio
694 2646 1045 2730 relinquere
1087 2647 1271 2710 malo.
1775 2642 1782 2647 ’

611 2746 875 2809 Praeter
919 2767 996 2810 ea
1048 2746 1291 2810 silentio
1346 2768 1470 2810 non
1527 2745 1901 2831 praeteribO,
1958 2751 2027 2807 111
2082 2766 2120 2807 a
2162 2744 2442 2823 Vergilio
2499 2743 2621 2806 alio

447 2846 581 2909 loco
624 2844 805 2925 (Aen.
847 2846 909 2908 X
955 2843 1118 2926 225),
1163 2846 1251 2908 sic
1292 2867 1330 2908 a
1373 2846 1523 2909 Silio
1568 2844 1963 2929 Cymodocae
2016 2843 2334 2929 nymphae
2389 2843 2621 2928 primas

447 2944 738 3026 loquendi
780 2951 989 3029 partes
1030 2946 1351 3029 assignari.

614 3044 731 3108 III.
803 3044 904 3107 Ad
972 3045 1202 3109 inferos
1274 3044 1460 3108 Silius
1528 3066 1701 3109 more
1787 3044 1981 3129 epico,
2067 3063 2254 3125 quem
2318 3043 2620 3129 'plerique

448 3150 774 3228 poetarum
845 3151 1206 3230 sequuntur,
1264 3143 1615 3229 Scipionem
1658 3144 2137 3208 descendentem
2178 3142 2415 3206 inducit
2456 3142 2619 3205 XIII

448 3246 793 3309 400—895.
869 3246 1009 3319 Qua
1053 3246 1117 3307 in
1159 3266 1224 3308 re
1268 3251 1517 3329 praesto
1562 3246 1616 3307 ei
1668 3249 1845 3308 erant
1885 3243 2329 3328 descriptiones
2357 3242 2617 3306 Homeri

447 3342 561 3406 Od.
602 3343 698 3406 XI
742 3351 803 3408 et
845 3344 1113 3427 Vergilii
1153 3344 1248 3407 VI
1291 3346 1641 3408 264—901.
1713 3345 1993 3418 Quorum
2034 3349 2372 3424 utrumque
2402 3364 2616 3427 quam-

445 3463 635 3525 quam
664 3451 948 3527 apertum
994 3451 1086 3508 est
1129 3465 1272 3507 eum
1314 3445 1378 3532 in
1407 3466 1590 3507 usum
1618 3465 1896 3525 vocasse,
1926 3450 2137 3508 tamen
2165 3444 2229 3506 in
2259 3443 2617 3507 universum

446 3542 1066 3606 animadvertendum
1147 3551 1258 3625 est,
1344 3545 1527 3608 aliter
1619 3550 1810 3628 atque
1843 3550 1848 3554 ’
1893 3543 2032 3607 11108
2116 3565 2261 3607 011111
2344 3543 2617 3606 locorum

442 3641 806 3706 inferiorum
847 3643 1323 3729 descriptionem
1377 3643 1775 3729 disposuisse,
1833 3650 1895 3708 et
1949 3644 2277 3729 permultis
2331 3644 2395 3706 in
2449 3644 2618 3724 locis,

445 3741 550 3825 qui
594 3741 845 3826 quidem
889 3742 965 3805 ad
1012 3744 1518 3829 compositionem
1561 3744 1935 3829 pertineant,
1979 3744 2059 3807 ab
2102 3744 2223 3807 illis
2259 3744 2613 3824 abhorrere,

441 3847 510 3903 ut
552 3842 698 3904 solis
740 3842 1017 3907 Homero
1061 3850 1123 3906 et
1165 3843 1446 3926 Vergilio
1490 3844 1846 3907 auctoribus
1890 3865 2032 3907 eum
2073 3866 2256 3907 usum
2300 3864 2424 3907 non
2479 3865 2615 3908 esse

445 3948 765 4025 appareat·
848 3944 1018 4017 Quos
1073 3949 1285 4007 autem
1327 3943 1678 4028 quibusque
1721 3944 1781 4006 in
1827 3944 1975 4008 10018
2018 3949 2268 4008 secutus
2312 3945 2389 4007 sit
2411 3944 2475 4024 ¹),
2532 3966 2611 4008 an

608 4196 646 4259 ¹)
680 4198 919 4263 Heynius
949 4200 1107 4267 Vei-g.
1139 4200 1271 4250 VIII
1305 4201 1503 4267 cogitat
1537 4202 1601 4252 de
1638 4202 1875 4253 Platonis
1908 4202 2206 4255 Phaedone.
2245 4229 2308 4236 —
2342 4202 2612 4257 Ernestius

443 4280 510 4330 ad
544 4297 592 4331 v.
627 4278 724 4331 595
758 4282 955 4350 cogitat
991 4283 1054 4335 de
1089 4283 1319 4336 Senecae
1354 4283 1510 4335 Herc.
1545 4284 1670 4337 Fur.
1704 4281 1818 4335 686.
