3264 4882
1513 354 1921 416 —54-..

626 537 732 601 Sil.
760 537 793 599 I
822 535 969 617 261)
1013 541 1123 599 aut
1166 556 1330 619 quae
1373 541 1626 620 praeter
1670 535 1784 599 hos
1827 535 1984 599 duos
2027 541 2246 619 poetas
2276 557 2399 599 non
2429 543 2811 622 usurpantur
2843 592 2848 595 ,

626 638 744 701 nisi
790 659 838 713 ,a
879 635 1318 699 recentissimis
1374 635 1795 720 scriptoribus,
1838 641 1910 698 ut
1966 635 2420 699 armisonus
2473 635 2811 700 bacatus

628 738 972 825 effultus
1028 735 1387 799 undosus
1430 735 1945 818 immugire1).

792 835 1035 900 Deinde
1096 836 1317 905 eadem
1375 842 1563 921 saepe
1627 835 1954 918 vocabula,
2032 856 2195 919 quae
2259 835 2578 919 Vergilius
2650 857 2810 899 com-

626 943 941 1023 posuerat,
1009 935 1197 1000 Silius
1260 936 1421 999 inter
1477 956 1542 999 se
1599 937 1950 1020 coniungit3
2008 937 2376 1022 plerumque
2429 941 2647 1017 autem
2703 942 2815 999 aut

625 1061 694 1103 re
738 1038 1059 1124 proposita
1104 1037 1411 1101 adductus
1455 1042 1565 1100 aut
1609 1058 1725 1100 sua
1769 1042 1989 1121 sponte
2030 1036 2399 1116 Vergiliana
2441 1036 2662 1117 variat,
2704 1035 2815 1099 sed

624 1139 715 1202 ita
769 1144 840 1201 ut
899 1137 1153 1201 difficile
1209 1159 1333 1201 non
1389 1137 1468 1199 sit
1529 1136 1869 1214 intellectu,
1932 1128 2149 1200 Silium
2215 1142 2470 1200 auctore
2533 1135 2815 1215 Vergilio

631 1260 745 1303 sua
788 1238 1045 1302 finxisse
1103 1244 1165 1301 et
1207 1237 1594 1302 conexuisse.
1681 1236 1923 1311 Quibus
1977 1237 2326 1322 promiscue
2384 1235 2614 1299 addam
2657 1236 2814 1300 Ver-

630 1340 896 1421 gilianos
938 1345 1150 1424 tropos
1193 1339 1575 1421 figurasque,
1621 1337 1729 1422 qui
1771 1337 1836 1400 in
1875 1336 2131 1406 Punicis
2171 1337 2594 1422 reperiuntur:

702 1484 705 1485 ν
798 1439 856 1520 1)
912 1438 1155 1503 Eadem
1227 1439 1616 1502 substantiva
1689 1458 1830 1500 cum
1889 1436 2113 1501 iisdem
2175 1436 2499 1500 adiectivis
2565 1436 2816 1500 coniun-
2873 1499 2880 1506 ,

628 1546 862 1624 guntur
883 1539 962 1619 2):

1047 1688 1242 1755 Verg.
2237 1686 2355 1739 Sil.

627 1792 654 1843 I
696 1788 756 1843 4:
924 1805 1183 1842 memores
1217 1789 1328 1840 irae
1572 1802 1580 1810 ·
1770 1785 1908 1837 XIII
1942 1783 2023 1840 71.

628 1874 683 1925 X
712 1872 807 1925 88:
924 1889 1008 1925 res
1042 1873 1219 1924 fluxae
1770 1868 1878 1920 VII
1912 1866 1992 1923 17.

628 1954 824 2008 X529:
925 1972 1031 2007 una
1066 1955 1245 2006 anima
1280 1974 1341 1995 =
1378 1969 1513 2005 unus
1548 1954 1629 2004 vir
1751 1952 1850 2003 -IV
1883 1949 1999 2006 303.

629 2036 824 2090 X841:
927 2039 1226 2092 exanimem
1258 2054 1418 2104 super
1444 2053 1593 2089 arma
1773 2034 1822 2084 V
1856 2032 1969 2087 584.

629 2122 736 2173 XII
772 2118 898 2173 247:
932 2122 1109 2173 fulvus
1144 2121 1294 2171 Jovis
1329 2121 1440 2171 ales
1776 2118 1885 2169 XII
1918 2116 2011 2170 56:
2047 2121 2157 2172 ales
2191 2120 2339 2172 fulva
2373 2120 2524 2172 Jovis

628 2205 740 2255 Ecl.
761 2205 787 2254 I
805 2201 899 2255 84:
931 2205 1150 2255 umbrae
1186 2204 1412 2254 maiores
1775 2200 1882 2251 VII
1915 2198 2029 2254 351.

631 2284 941 2356 Georg.‘III
975 2285 1070 2339 96:
1104 2287 1273 2353 turpis
1309 2290 1520 2338 senecta
1576 2279 1582 2284 ’
1775 2283 1879 2335 XV
1912 2281 2027 2337 651.

633 2426 743 2486 aut
785 2420 1172 2507 Vergilianis
1216 2419 1443 2483 similia
1487 2422 1925 2483 conectuntur:

1052 2571 1182 2624 Ver
1234 2610 1245 2623 .
2242 2569 2358 2623 Sil.

630 2672 738 2723 VII
771 2668 895 2723 106:
930 2687 1095 2738 agger
1128 2586 1448 2738 grimineus.
1776 2668 1830 2719 X
1861 2666 1953 2720 92:
2036 2686 2203 2737 agger
2235 2671 2514 2723 flumineus

631 2753 713 2805 IX
758 2751 884 2806 548:
928 2771 1115 2821 parma
1150 2753 1406 2820 inglorius
1442 2753 1566 2803 alba
1777 2752 1859 2803 IX
1879 2749 2006 2805 331:
2041 2752 2299 2820 inglorius
2334 2754 2462 2806 ordo
2498 2752 2580 2816 (=
2611 2751 2820 2814 velites)

1210 2856 1271 2876 =
1394 2835 1433 2884 it

616 2921 684 2972 'X
717 2919 843 2972 887:
928 2921 1116 2971 silvam
1132 2834 1414 3062 infmmggss
1434 2832 1678 2979 &greum-
1777 2918 1854 2969 IV
1878 2914 2003 2969 621:
2039 2919 2227 2970 silvam
2261 2918 2529 2986 ingentem
2568 2917 2820 2982 (vibrare)

1182 3002 1319 3053 ferre
2684 2997 2687 3002 ’

634 3086 741 3137 XII
764 3084 890 3138 603:
927 3083 1167 3148 (nodum)
1196 3085 1436 3136 informis
1455 3084 1549 3136 leti
1576 3082 1679 3145 (De
1779 3084 1804 3133 Ι
1841 3080 1965 3135 166:
2043 3058 2396 3152 (suspensum)
2412 3085 2700 3137 deformem
2729 3087 2821 3138 leti

1182 3168 1378 3221 Amata
1402 3165 1678 3235 suspensa)
2633 3187 2634 3190 ¹

633 3251 824 3320 Georg.
868 3252 946 3303 IV
988 3249 1115 3304 551:
1163 3249 1429 3314 (iuvenca)
1478 3252 1678 3306 intacta
1778 3250 1915 3301 XIII
1931 3247 2057 3302 431:
2086 3249 2349 3314 (iuvenca)
2386 3255 2533 3304 casta
2568 3251 2786 3303 cervice.

1183 3350 1386 3386 cervice

801 3464 864 3544 2)
907 3465 1150 3530 Eadem
1196 3467 1587 3531 substantiva
1631 3467 1793 3532 inter
1837 3488 1903 3530 se
1948 3467 2275 3531 coniuncta
2315 3467 2736 3551 reperiuntur:

1050 3617 1243 3685 Verg.
2241 3617 2354 3669 Sil.

632 3717 699 3767 11·
721 3713 846 3769 602:
928 3717 1123 3767 Divum
1156 3716 1494 3768 inclementia
1775 3718 1830 3768 II
1863 3714 1978 3769 596.

631 3800 714 3850 III
750 3795 876 3850 272:
925 3800 1159 3864 Ithacae,
1196 3800 1408 3851 Laertia
1444 3816 1613 3867 regna
1775 3800 1879 3851 XV
1913 3797 2025 3853 303.

633 3882 717 3932 III
749 3878 875 3933 351:
922 3881 1225 3949 Scaeaeque
1261 3881 1595 3950 (amplector)
1775 3882 1912 3934 XIII
1944 3880 2037 3935 73:
2073 3883 2377 3951 Scaeaeque
2412 3883 2480 3936 ad
2515 3883 2698 3935 limina
2768 3919 2772 3923 »

1184 3967 1368 4018 limina
1404 3970 1587 4033 portae
2568 3969 2752 4034 portae

640 4049 875 4056 ———.-.——

804 4105 842 4168 l)
877 4075 1043 4174 Apud
1075 4107 1262 4159 Silium
1295 4109 1718 4175 frequentissime
1757 4109 1784 4160 I
1808 4104 1889 4161 95.
1924 4109 2002 4160 IV
2024 4107 2138 4162 380.
2173 4109 2283 4161 XII
2308 4107 2419 4162 141.
2454 4109 2587 4161 XVI
2610 4106 2724 4161 259.

798 4187 840 4251 ²)
884 4191 963 4242 Ea
1015 4192 1264 4257 epitheta,
1330 4208 1465 4258 quae
1527 4192 1811 4244 Oholevius
1863 4192 2049 4245 iisdem
2112 4209 2233 4245 cum
2284 4193 2624 4245 substantivis
2675 4193 2818 4261 apud

636 4274 917 4345 utrumque
953 4277 1164 4346 poetam
1213 4291 1415 4332 conexa
1448 4274 1620 4340 affert,
1664 4277 1765 4328 hoc
1808 4277 1925 4332 loco
1967 4281 2204 4344 repetere
2239 4277 2562 4345 superfluum
2596 4277 2817 4334 videtur.
