<?xml version="1.0" encoding="UTF-8"?>
<!DOCTYPE html PUBLIC "-//W3C//DTD XHTML 1.0 Transitional//EN"
    "http://www.w3.org/TR/xhtml1/DTD/xhtml1-transitional.dtd">
<html xmlns="http://www.w3.org/1999/xhtml" xml:lang="en" lang="en">
 <head>
  <title>
</title>
<meta http-equiv="Content-Type" content="text/html;charset=utf-8" />
  <meta name='ocr-system' content='tesseract 3.04.00' />
  <meta name='ocr-capabilities' content='ocr_page ocr_carea ocr_par ocr_line ocrx_word'/>
</head>
<body>
  <div class='ocr_page' id='page_1' title='image "./quatenussiliusi01groegoog_0044.png"; bbox 0 0 3264 4882; ppageno 0'>
   <div class='ocr_carea' id='block_1_1' title="bbox 1495 370 1903 431">
    <p class='ocr_par' dir='ltr' id='par_1_1' title="bbox 1495 370 1903 431">
     <span class='ocr_line' id='line_1_1' title="bbox 1495 370 1903 431; baseline 0.007 -18"><span class='ocrx_word' id='word_1_1' title='bbox 1495 370 1903 431; x_wconf 67' lang='grc'><strong>..40-</strong></span> 
     </span>
    </p>
   </div>
   <div class='ocr_carea' id='block_1_2' title="bbox 620 542 2845 952">
    <p class='ocr_par' dir='ltr' id='par_1_2' title="bbox 620 542 2845 952">
     <span class='ocr_line' id='line_1_2' title="bbox 703 542 2845 619; baseline -0 -14"><span class='ocrx_word' id='word_1_2' title='bbox 703 552 757 616; x_wconf 82' lang='grc'>2)</span> <span class='ocrx_word' id='word_1_3' title='bbox 805 553 937 605; x_wconf 91' lang='lat' dir='ltr'>Aen.</span> <span class='ocrx_word' id='word_1_4' title='bbox 975 552 1055 603; x_wconf 88' lang='lat' dir='ltr'>IX</span> <span class='ocrx_word' id='word_1_5' title='bbox 1089 550 1215 603; x_wconf 85' lang='lat'>247:</span> <span class='ocrx_word' id='word_1_6' title='bbox 1300 590 1408 604; x_wconf 87' lang='lat'>...</span> <span class='ocrx_word' id='word_1_7' title='bbox 1448 568 1754 618; x_wconf 77' lang='lat' dir='ltr'>,quorum</span> <span class='ocrx_word' id='word_1_8' title='bbox 1780 552 2129 619; x_wconf 89' lang='lat' dir='ltr'>sempersub</span> <span class='ocrx_word' id='word_1_9' title='bbox 2166 553 2441 604; x_wconf 87' lang='lat' dir='ltr'>numine</span> <span class='ocrx_word' id='word_1_10' title='bbox 2477 553 2677 604; x_wconf 87' lang='lat' dir='ltr'>Troia</span> <span class='ocrx_word' id='word_1_11' title='bbox 2712 556 2791 604; x_wconf 86' lang='lat' dir='ltr'>est</span> <span class='ocrx_word' id='word_1_12' title='bbox 2841 542 2845 547; x_wconf 39' lang='lat'><strong>⁴</strong></span> 
     </span>
     <span class='ocr_line' id='line_1_3' title="bbox 805 632 2802 703; baseline -0.001 -15"><span class='ocrx_word' id='word_1_13' title='bbox 805 637 896 689; x_wconf 88' lang='lat' dir='ltr'>Sil.</span> <span class='ocrx_word' id='word_1_14' title='bbox 930 636 1062 688; x_wconf 90' lang='lat' dir='ltr'>XVI</span> <span class='ocrx_word' id='word_1_15' title='bbox 1095 632 1222 688; x_wconf 81' lang='lat'>655:</span> <span class='ocrx_word' id='word_1_16' title='bbox 2015 635 2134 687; x_wconf 87' lang='lat' dir='ltr'>sub</span> <span class='ocrx_word' id='word_1_17' title='bbox 2182 635 2456 689; x_wconf 89' lang='lat' dir='ltr'>numine</span> <span class='ocrx_word' id='word_1_18' title='bbox 2505 651 2802 703; x_wconf 77' lang='lat' dir='ltr'>quorum,</span> 
     </span>
     <span class='ocr_line' id='line_1_4' title="bbox 1299 719 1997 771; baseline -0.001 -1"><span class='ocrx_word' id='word_1_19' title='bbox 1299 719 1441 771; x_wconf 83' lang='lat' dir='ltr'>Gens</span> <span class='ocrx_word' id='word_1_20' title='bbox 1475 719 1782 770; x_wconf 85' lang='lat' dir='ltr'>Troiana</span> <span class='ocrx_word' id='word_1_21' title='bbox 1818 734 1997 770; x_wconf 86' lang='lat' dir='ltr'>sumus</span> 
     </span>
     <span class='ocr_line' id='line_1_5' title="bbox 620 799 2575 873; baseline 0.002 -22"><span class='ocrx_word' id='word_1_22' title='bbox 620 842 627 851; x_wconf 97' lang='grc'><em>,</em></span> <span class='ocrx_word' id='word_1_23' title='bbox 700 800 771 873; x_wconf 77' lang='grc' dir='ltr'>3)Ι</span> <span class='ocrx_word' id='word_1_24' title='bbox 801 802 934 854; x_wconf 86' lang='lat' dir='ltr'>Aen.</span> <span class='ocrx_word' id='word_1_25' title='bbox 971 803 1106 853; x_wconf 87' lang='lat' dir='ltr'>VIII</span> <span class='ocrx_word' id='word_1_26' title='bbox 1140 799 1266 854; x_wconf 87' lang='lat'><strong>163:</strong></span> <span class='ocrx_word' id='word_1_27' title='bbox 1297 802 1595 854; x_wconf 82' lang='lat' dir='ltr'>&#39;ardebat</span> <span class='ocrx_word' id='word_1_28' title='bbox 1642 818 1821 854; x_wconf 87' lang='lat' dir='ltr'>amore</span> <span class='ocrx_word' id='word_1_29' title='bbox 1868 800 2313 868; x_wconf 80' lang='lat' dir='ltr'>Compellare</span> <span class='ocrx_word' id='word_1_30' title='bbox 2355 801 2575 855; x_wconf 83' lang='lat' dir='ltr'>virum</span> 
     </span>
     <span class='ocr_line' id='line_1_6' title="bbox 804 880 2315 952; baseline -0.001 -14"><span class='ocrx_word' id='word_1_31' title='bbox 804 885 894 938; x_wconf 90' lang='lat' dir='ltr'>Sil.</span> <span class='ocrx_word' id='word_1_32' title='bbox 930 884 1068 937; x_wconf 86' lang='lat' dir='ltr'>XIII</span> <span class='ocrx_word' id='word_1_33' title='bbox 1101 880 1227 937; x_wconf 79' lang='lat'>719:</span> <span class='ocrx_word' id='word_1_34' title='bbox 1299 884 1689 952; x_wconf 86' lang='lat' dir='ltr'>Appellare</span> <span class='ocrx_word' id='word_1_35' title='bbox 1725 885 1911 937; x_wconf 86' lang='lat' dir='ltr'>viros</span> <span class='ocrx_word' id='word_1_36' title='bbox 1946 887 2061 937; x_wconf 87' lang='lat' dir='ltr'>erat</span> <span class='ocrx_word' id='word_1_37' title='bbox 2094 884 2315 938; x_wconf 89' lang='lat' dir='ltr'>ardor.</span> 
     </span>
    </p>
   </div>
   <div class='ocr_carea' id='block_1_3' title="bbox 600 1116 2793 4154">
    <p class='ocr_par' dir='ltr' id='par_1_3' title="bbox 600 1116 2793 3602">
     <span class='ocr_line' id='line_1_7' title="bbox 768 1116 2790 1201; baseline 0.001 -21"><span class='ocrx_word' id='word_1_38' title='bbox 768 1117 994 1181; x_wconf 77' lang='lat' dir='ltr'>Restat</span> <span class='ocrx_word' id='word_1_39' title='bbox 1037 1118 1290 1181; x_wconf 89' lang='lat' dir='ltr'>tertium</span> <span class='ocrx_word' id='word_1_40' title='bbox 1343 1137 1558 1199; x_wconf 87' lang='lat' dir='ltr'>genus.</span> <span class='ocrx_word' id='word_1_41' title='bbox 1643 1117 1986 1201; x_wconf 87' lang='lat' dir='ltr'>Postquam</span> <span class='ocrx_word' id='word_1_42' title='bbox 2040 1116 2247 1181; x_wconf 88' lang='lat' dir='ltr'>adhuc</span> <span class='ocrx_word' id='word_1_43' title='bbox 2299 1118 2468 1181; x_wconf 86' lang='lat' dir='ltr'>locos</span> <span class='ocrx_word' id='word_1_44' title='bbox 2524 1118 2790 1182; x_wconf 88' lang='lat' dir='ltr'>Silianos</span> 
     </span>
     <span class='ocr_line' id='line_1_8' title="bbox 605 1216 2792 1303; baseline 0 -22"><span class='ocrx_word' id='word_1_45' title='bbox 605 1218 1010 1303; x_wconf 91' lang='lat' dir='ltr'>contemplati</span> <span class='ocrx_word' id='word_1_46' title='bbox 1055 1239 1288 1297; x_wconf 91' lang='lat' dir='ltr'>sumus,</span> <span class='ocrx_word' id='word_1_47' title='bbox 1333 1217 1440 1301; x_wconf 91' lang='lat' dir='ltr'>qui</span> <span class='ocrx_word' id='word_1_48' title='bbox 1483 1217 1632 1298; x_wconf 88' lang='lat' dir='ltr'>quin</span> <span class='ocrx_word' id='word_1_49' title='bbox 1676 1239 1757 1280; x_wconf 85' lang='lat' dir='ltr'>ex</span> <span class='ocrx_word' id='word_1_50' title='bbox 1794 1217 2061 1300; x_wconf 86' lang='lat' dir='ltr'>Vergilii</span> <span class='ocrx_word' id='word_1_51' title='bbox 2103 1216 2384 1281; x_wconf 86' lang='lat' dir='ltr'>Aeneide</span> <span class='ocrx_word' id='word_1_52' title='bbox 2427 1219 2609 1302; x_wconf 89' lang='lat' dir='ltr'>petiti</span> <span class='ocrx_word' id='word_1_53' title='bbox 2652 1219 2792 1302; x_wconf 89' lang='lat' dir='ltr'>sint,</span> 
     </span>
     <span class='ocr_line' id='line_1_9' title="bbox 603 1302 2790 1402; baseline 0.001 -22"><span class='ocrx_word' id='word_1_54' title='bbox 603 1318 862 1382; x_wconf 92' lang='lat' dir='ltr'>dubium</span> <span class='ocrx_word' id='word_1_55' title='bbox 917 1339 1040 1381; x_wconf 89' lang='lat' dir='ltr'>non</span> <span class='ocrx_word' id='word_1_56' title='bbox 1097 1323 1210 1398; x_wconf 91' lang='lat' dir='ltr'>est,</span> <span class='ocrx_word' id='word_1_57' title='bbox 1271 1317 1398 1380; x_wconf 91' lang='lat' dir='ltr'>iam</span> <span class='ocrx_word' id='word_1_58' title='bbox 1455 1323 1848 1380; x_wconf 85' lang='lat' dir='ltr'>transeamus</span> <span class='ocrx_word' id='word_1_59' title='bbox 1912 1317 1993 1381; x_wconf 90' lang='lat' dir='ltr'>ad</span> <span class='ocrx_word' id='word_1_60' title='bbox 2057 1302 2182 1399; x_wconf 87' lang='lat' dir='ltr'>eos,</span> <span class='ocrx_word' id='word_1_61' title='bbox 2246 1317 2471 1401; x_wconf 89' lang='lat' dir='ltr'>quibus</span> <span class='ocrx_word' id='word_1_62' title='bbox 2521 1319 2790 1402; x_wconf 87' lang='lat' dir='ltr'>vestigia</span> 
     </span>
     <span class='ocr_line' id='line_1_10' title="bbox 603 1417 2787 1502; baseline 0.001 -22"><span class='ocrx_word' id='word_1_63' title='bbox 603 1417 975 1501; x_wconf 86' lang='lat' dir='ltr'>Vergiliana</span> <span class='ocrx_word' id='word_1_64' title='bbox 1031 1417 1255 1481; x_wconf 87' lang='lat' dir='ltr'>leviter</span> <span class='ocrx_word' id='word_1_65' title='bbox 1310 1422 1555 1480; x_wconf 89' lang='lat' dir='ltr'>tantum</span> <span class='ocrx_word' id='word_1_66' title='bbox 1610 1419 1916 1502; x_wconf 89' lang='lat' dir='ltr'>impressa</span> <span class='ocrx_word' id='word_1_67' title='bbox 1977 1422 2135 1480; x_wconf 87' lang='lat' dir='ltr'>sunt.</span> <span class='ocrx_word' id='word_1_68' title='bbox 2219 1417 2342 1491; x_wconf 81' lang='lat' dir='ltr'>Qui</span> <span class='ocrx_word' id='word_1_69' title='bbox 2406 1439 2787 1502; x_wconf 89' lang='lat' dir='ltr'>quamquam</span> 
     </span>
     <span class='ocr_line' id='line_1_11' title="bbox 604 1516 2786 1602; baseline 0.001 -21"><span class='ocrx_word' id='word_1_70' title='bbox 604 1524 666 1581; x_wconf 94' lang='lat' dir='ltr'>et</span> <span class='ocrx_word' id='word_1_71' title='bbox 710 1518 774 1580; x_wconf 89' lang='lat' dir='ltr'>in</span> <span class='ocrx_word' id='word_1_72' title='bbox 815 1517 1015 1581; x_wconf 88' lang='lat' dir='ltr'>forma</span> <span class='ocrx_word' id='word_1_73' title='bbox 1068 1524 1132 1580; x_wconf 91' lang='lat' dir='ltr'>et</span> <span class='ocrx_word' id='word_1_74' title='bbox 1186 1517 1251 1579; x_wconf 91' lang='lat' dir='ltr'>in</span> <span class='ocrx_word' id='word_1_75' title='bbox 1295 1516 1500 1579; x_wconf 88' lang='lat' dir='ltr'>verbis</span> <span class='ocrx_word' id='word_1_76' title='bbox 1542 1516 1769 1579; x_wconf 87' lang='lat' dir='ltr'>variati</span> <span class='ocrx_word' id='word_1_77' title='bbox 1822 1537 2009 1600; x_wconf 80' lang='lat' dir='ltr'>saepe</span> <span class='ocrx_word' id='word_1_78' title='bbox 2061 1517 2471 1580; x_wconf 88' lang='lat' dir='ltr'>imitationem</span> <span class='ocrx_word' id='word_1_79' title='bbox 2524 1518 2786 1602; x_wconf 87' lang='lat' dir='ltr'>prodere</span> 
     </span>
     <span class='ocr_line' id='line_1_12' title="bbox 603 1615 2789 1698; baseline 0.001 -18"><span class='ocrx_word' id='word_1_80' title='bbox 603 1638 725 1680; x_wconf 91' lang='lat' dir='ltr'>non</span> <span class='ocrx_word' id='word_1_81' title='bbox 768 1616 1076 1696; x_wconf 87' lang='lat' dir='ltr'>videntur,</span> <span class='ocrx_word' id='word_1_82' title='bbox 1120 1621 1333 1678; x_wconf 91' lang='lat' dir='ltr'>tamen</span> <span class='ocrx_word' id='word_1_83' title='bbox 1375 1615 1658 1698; x_wconf 86' lang='lat' dir='ltr'>Vergilio</span> <span class='ocrx_word' id='word_1_84' title='bbox 1702 1620 1953 1678; x_wconf 89' lang='lat' dir='ltr'>auctore</span> <span class='ocrx_word' id='word_1_85' title='bbox 1977 1615 2234 1685; x_wconf 74' lang='lat' dir='ltr'>‚Silium</span> <span class='ocrx_word' id='word_1_86' title='bbox 2270 1638 2376 1680; x_wconf 87' lang='lat' dir='ltr'>eos</span> <span class='ocrx_word' id='word_1_87' title='bbox 2427 1617 2682 1680; x_wconf 88' lang='lat' dir='ltr'>finxisse</span> <span class='ocrx_word' id='word_1_88' title='bbox 2725 1624 2789 1682; x_wconf 88' lang='lat' dir='ltr'>et</span> 
     </span>
     <span class='ocr_line' id='line_1_13' title="bbox 605 1714 2789 1802; baseline 0 -22"><span class='ocrx_word' id='word_1_89' title='bbox 605 1716 1026 1802; x_wconf 82' lang='lat' dir='ltr'>composuisse</span> <span class='ocrx_word' id='word_1_90' title='bbox 1071 1736 1440 1801; x_wconf 89' lang='lat' dir='ltr'>persuasum</span> <span class='ocrx_word' id='word_1_91' title='bbox 1483 1715 1637 1777; x_wconf 90' lang='lat' dir='ltr'>mihi</span> <span class='ocrx_word' id='word_1_92' title='bbox 1682 1721 1793 1778; x_wconf 87' lang='lat' dir='ltr'>est.</span> <span class='ocrx_word' id='word_1_93' title='bbox 1841 1714 2051 1778; x_wconf 88' lang='lat' dir='ltr'>Huius</span> <span class='ocrx_word' id='word_1_94' title='bbox 2081 1717 2324 1794; x_wconf 86' lang='lat' dir='ltr'>generis</span> <span class='ocrx_word' id='word_1_95' title='bbox 2356 1717 2789 1781; x_wconf 84' lang='lat' dir='ltr'>similitudines</span> 
     </span>
     <span class='ocr_line' id='line_1_14' title="bbox 603 1814 2790 1897; baseline 0 -17"><span class='ocrx_word' id='word_1_96' title='bbox 603 1839 726 1880; x_wconf 90' lang='lat' dir='ltr'>non</span> <span class='ocrx_word' id='word_1_97' title='bbox 797 1817 915 1880; x_wconf 91' lang='lat' dir='ltr'>hoc</span> <span class='ocrx_word' id='word_1_98' title='bbox 984 1815 1166 1879; x_wconf 91' lang='lat' dir='ltr'>modo</span> <span class='ocrx_word' id='word_1_99' title='bbox 1238 1821 1410 1878; x_wconf 89' lang='lat' dir='ltr'>ortae</span> <span class='ocrx_word' id='word_1_100' title='bbox 1482 1835 1620 1878; x_wconf 89' lang='lat' dir='ltr'>esse</span> <span class='ocrx_word' id='word_1_101' title='bbox 1694 1814 2010 1897; x_wconf 90' lang='lat' dir='ltr'>putandae</span> <span class='ocrx_word' id='word_1_102' title='bbox 2092 1821 2254 1896; x_wconf 88' lang='lat' dir='ltr'>sunt,</span> <span class='ocrx_word' id='word_1_103' title='bbox 2326 1823 2397 1879; x_wconf 90' lang='lat' dir='ltr'>ut</span> <span class='ocrx_word' id='word_1_104' title='bbox 2469 1817 2657 1880; x_wconf 83' lang='lat' dir='ltr'>Silius</span> <span class='ocrx_word' id='word_1_105' title='bbox 2701 1817 2790 1897; x_wconf 90' lang='lat' dir='ltr'>in</span> 
     </span>
     <span class='ocr_line' id='line_1_15' title="bbox 605 1914 2790 2000; baseline 0 -20"><span class='ocrx_word' id='word_1_106' title='bbox 605 1916 928 1980; x_wconf 90' lang='lat' dir='ltr'>scribendo</span> <span class='ocrx_word' id='word_1_107' title='bbox 949 1915 1303 1997; x_wconf 87' lang='lat' dir='ltr'>Vergilium</span> <span class='ocrx_word' id='word_1_108' title='bbox 1343 1914 1423 1977; x_wconf 88' lang='lat' dir='ltr'>ad</span> <span class='ocrx_word' id='word_1_109' title='bbox 1459 1936 1685 1978; x_wconf 88' lang='lat' dir='ltr'>manus</span> <span class='ocrx_word' id='word_1_110' title='bbox 1723 1920 1996 1979; x_wconf 88' lang='lat' dir='ltr'>sumeret</span> <span class='ocrx_word' id='word_1_111' title='bbox 2033 1919 2095 1977; x_wconf 90' lang='lat' dir='ltr'>et</span> <span class='ocrx_word' id='word_1_112' title='bbox 2125 1915 2203 1977; x_wconf 90' lang='lat' dir='ltr'>ad</span> <span class='ocrx_word' id='word_1_113' title='bbox 2233 1916 2399 1979; x_wconf 91' lang='lat' dir='ltr'>illius</span> <span class='ocrx_word' id='word_1_114' title='bbox 2429 1918 2790 2000; x_wconf 82' lang='lat' dir='ltr'>exemplum</span> 
     </span>
     <span class='ocr_line' id='line_1_16' title="bbox 607 2015 2793 2100; baseline 0 -19"><span class='ocrx_word' id='word_1_115' title='bbox 607 2016 976 2097; x_wconf 84' lang='lat' dir='ltr'>elaboraret,</span> <span class='ocrx_word' id='word_1_116' title='bbox 1044 2015 1208 2100; x_wconf 92' lang='lat' dir='ltr'>quod</span> <span class='ocrx_word' id='word_1_117' title='bbox 1275 2021 1440 2078; x_wconf 90' lang='lat' dir='ltr'>certe</span> <span class='ocrx_word' id='word_1_118' title='bbox 1504 2015 1583 2078; x_wconf 91' lang='lat' dir='ltr'>de</span> <span class='ocrx_word' id='word_1_119' title='bbox 1649 2015 1866 2097; x_wconf 80' lang='lat' dir='ltr'>paucis</span> <span class='ocrx_word' id='word_1_120' title='bbox 1929 2015 2213 2078; x_wconf 84' lang='lat' dir='ltr'>versibus</span> <span class='ocrx_word' id='word_1_121' title='bbox 2274 2015 2463 2078; x_wconf 89' lang='lat' dir='ltr'>valet.</span> <span class='ocrx_word' id='word_1_122' title='bbox 2568 2016 2793 2081; x_wconf 89' lang='lat' dir='ltr'>Altera</span> 
     </span>
     <span class='ocr_line' id='line_1_17' title="bbox 605 2114 2792 2202; baseline 0 -23"><span class='ocrx_word' id='word_1_123' title='bbox 605 2138 754 2202; x_wconf 90' lang='lat' dir='ltr'>pars</span> <span class='ocrx_word' id='word_1_124' title='bbox 798 2135 997 2197; x_wconf 83' lang='lat' dir='ltr'>eaque</span> <span class='ocrx_word' id='word_1_125' title='bbox 1040 2115 1239 2178; x_wconf 89' lang='lat' dir='ltr'>maior</span> <span class='ocrx_word' id='word_1_126' title='bbox 1280 2114 1567 2178; x_wconf 88' lang='lat' dir='ltr'>convenit</span> <span class='ocrx_word' id='word_1_127' title='bbox 1617 2135 1761 2177; x_wconf 92' lang='lat' dir='ltr'>cum</span> <span class='ocrx_word' id='word_1_128' title='bbox 1803 2114 2104 2196; x_wconf 87' lang='lat' dir='ltr'>Vergilio,</span> <span class='ocrx_word' id='word_1_129' title='bbox 2156 2114 2322 2199; x_wconf 93' lang='lat' dir='ltr'>quod</span> <span class='ocrx_word' id='word_1_130' title='bbox 2373 2114 2560 2179; x_wconf 83' lang='lat' dir='ltr'>Silius</span> <span class='ocrx_word' id='word_1_131' title='bbox 2611 2118 2792 2201; x_wconf 86' lang='lat' dir='ltr'>quasi</span> 
     </span>
     <span class='ocr_line' id='line_1_18' title="bbox 604 2209 2791 2298; baseline 0 -19"><span class='ocrx_word' id='word_1_132' title='bbox 604 2217 836 2279; x_wconf 88' lang='lat' dir='ltr'>invitus</span> <span class='ocrx_word' id='word_1_133' title='bbox 878 2216 943 2278; x_wconf 90' lang='lat' dir='ltr'>in</span> <span class='ocrx_word' id='word_1_134' title='bbox 988 2215 1248 2278; x_wconf 90' lang='lat' dir='ltr'>similem</span> <span class='ocrx_word' id='word_1_135' title='bbox 1292 2215 1496 2278; x_wconf 92' lang='lat' dir='ltr'>locum</span> <span class='ocrx_word' id='word_1_136' title='bbox 1550 2214 1784 2295; x_wconf 78' lang='lat' dir='ltr'>incidit,</span> <span class='ocrx_word' id='word_1_137' title='bbox 1842 2215 1948 2298; x_wconf 92' lang='lat' dir='ltr'>qui</span> <span class='ocrx_word' id='word_1_138' title='bbox 2001 2215 2066 2277; x_wconf 90' lang='lat' dir='ltr'>in</span> <span class='ocrx_word' id='word_1_139' title='bbox 2120 2215 2419 2278; x_wconf 90' lang='lat' dir='ltr'>memoria</span> <span class='ocrx_word' id='word_1_140' title='bbox 2471 2209 2791 2297; x_wconf 83' lang='lat' dir='ltr'>haerebat,</span> 
     </span>
     <span class='ocr_line' id='line_1_19' title="bbox 604 2313 2789 2400; baseline 0 -21"><span class='ocrx_word' id='word_1_141' title='bbox 604 2316 668 2379; x_wconf 92' lang='lat' dir='ltr'>id</span> <span class='ocrx_word' id='word_1_142' title='bbox 712 2316 877 2400; x_wconf 88' lang='lat' dir='ltr'>quod</span> <span class='ocrx_word' id='word_1_143' title='bbox 920 2314 998 2379; x_wconf 92' lang='lat' dir='ltr'>de</span> <span class='ocrx_word' id='word_1_144' title='bbox 1042 2314 1291 2378; x_wconf 90' lang='lat' dir='ltr'>homine</span> <span class='ocrx_word' id='word_1_145' title='bbox 1343 2335 1575 2396; x_wconf 87' lang='lat' dir='ltr'>magna</span> <span class='ocrx_word' id='word_1_146' title='bbox 1629 2315 1897 2377; x_wconf 92' lang='lat' dir='ltr'>lectione</span> <span class='ocrx_word' id='word_1_147' title='bbox 1952 2313 2191 2376; x_wconf 91' lang='lat' dir='ltr'>imbuto</span> <span class='ocrx_word' id='word_1_148' title='bbox 2246 2335 2359 2396; x_wconf 89' lang='lat' dir='ltr'>per</span> <span class='ocrx_word' id='word_1_149' title='bbox 2416 2336 2482 2378; x_wconf 90' lang='lat' dir='ltr'>se</span> <span class='ocrx_word' id='word_1_150' title='bbox 2538 2337 2789 2380; x_wconf 87' lang='lat' dir='ltr'>consen-</span> 
     </span>
     <span class='ocr_line' id='line_1_20' title="bbox 604 2414 2791 2501; baseline 0 -21"><span class='ocrx_word' id='word_1_151' title='bbox 604 2422 860 2481; x_wconf 85' lang='lat' dir='ltr'>taneum</span> <span class='ocrx_word' id='word_1_152' title='bbox 905 2421 1016 2480; x_wconf 90' lang='lat' dir='ltr'>est.</span> <span class='ocrx_word' id='word_1_153' title='bbox 1099 2414 1223 2480; x_wconf 88' lang='lat' dir='ltr'>Sed</span> <span class='ocrx_word' id='word_1_154' title='bbox 1265 2416 1331 2478; x_wconf 90' lang='lat' dir='ltr'>in</span> <span class='ocrx_word' id='word_1_155' title='bbox 1375 2414 1638 2498; x_wconf 85' lang='lat' dir='ltr'>singulis</span> <span class='ocrx_word' id='word_1_156' title='bbox 1681 2414 1987 2497; x_wconf 82' lang='lat' dir='ltr'>exemplis</span> <span class='ocrx_word' id='word_1_157' title='bbox 2037 2435 2179 2478; x_wconf 88' lang='lat' dir='ltr'>cum</span> <span class='ocrx_word' id='word_1_158' title='bbox 2230 2415 2367 2481; x_wconf 90' lang='lat' dir='ltr'>fieri</span> <span class='ocrx_word' id='word_1_159' title='bbox 2408 2436 2533 2497; x_wconf 86' lang='lat' dir='ltr'>non</span> <span class='ocrx_word' id='word_1_160' title='bbox 2578 2417 2791 2501; x_wconf 85' lang='lat' dir='ltr'>possit,</span> 
     </span>
     <span class='ocr_line' id='line_1_21' title="bbox 605 2514 2793 2601; baseline 0 -21"><span class='ocrx_word' id='word_1_161' title='bbox 605 2523 676 2580; x_wconf 89' lang='lat' dir='ltr'>ut</span> <span class='ocrx_word' id='word_1_162' title='bbox 717 2516 1107 2597; x_wconf 87' lang='lat' dir='ltr'>diiudicetur,</span> <span class='ocrx_word' id='word_1_163' title='bbox 1150 2523 1361 2578; x_wconf 90' lang='lat' dir='ltr'>utrum</span> <span class='ocrx_word' id='word_1_164' title='bbox 1390 2515 1578 2578; x_wconf 80' lang='lat' dir='ltr'>Silius</span> <span class='ocrx_word' id='word_1_165' title='bbox 1616 2514 1698 2578; x_wconf 85' lang='lat' dir='ltr'>ad</span> <span class='ocrx_word' id='word_1_166' title='bbox 1737 2515 1889 2596; x_wconf 80' lang='lat' dir='ltr'>certi</span> <span class='ocrx_word' id='word_1_167' title='bbox 1926 2515 2046 2578; x_wconf 93' lang='lat' dir='ltr'>loci</span> <span class='ocrx_word' id='word_1_168' title='bbox 2083 2517 2443 2601; x_wconf 85' lang='lat' dir='ltr'>exemplum</span> <span class='ocrx_word' id='word_1_169' title='bbox 2478 2517 2793 2601; x_wconf 88' lang='lat' dir='ltr'>scripserit</span> 
     </span>
     <span class='ocr_line' id='line_1_22' title="bbox 604 2614 2792 2701; baseline -0 -20"><span class='ocrx_word' id='word_1_170' title='bbox 604 2639 818 2700; x_wconf 83' lang='lat' dir='ltr'>necne,</span> <span class='ocrx_word' id='word_1_171' title='bbox 888 2616 1235 2700; x_wconf 90' lang='lat' dir='ltr'>promiscue</span> <span class='ocrx_word' id='word_1_172' title='bbox 1313 2616 1691 2679; x_wconf 88' lang='lat' dir='ltr'>enumerabo</span> <span class='ocrx_word' id='word_1_173' title='bbox 1765 2616 2073 2701; x_wconf 82' lang='lat' dir='ltr'>exempla.</span> <span class='ocrx_word' id='word_1_174' title='bbox 2182 2614 2267 2679; x_wconf 88' lang='lat' dir='ltr'>Et</span> <span class='ocrx_word' id='word_1_175' title='bbox 2337 2617 2631 2700; x_wconf 89' lang='lat' dir='ltr'>quoniam</span> <span class='ocrx_word' id='word_1_176' title='bbox 2701 2623 2792 2681; x_wconf 90' lang='lat' dir='ltr'>tot</span> 
     </span>
     <span class='ocr_line' id='line_1_23' title="bbox 602 2715 2790 2799; baseline 0 -18"><span class='ocrx_word' id='word_1_177' title='bbox 602 2723 935 2799; x_wconf 89' lang='lat' dir='ltr'>tantasque</span> <span class='ocrx_word' id='word_1_178' title='bbox 1001 2716 1435 2780; x_wconf 89' lang='lat' dir='ltr'>similitudines</span> <span class='ocrx_word' id='word_1_179' title='bbox 1496 2717 1658 2779; x_wconf 87' lang='lat' dir='ltr'>inter</span> <span class='ocrx_word' id='word_1_180' title='bbox 1722 2715 1941 2779; x_wconf 89' lang='lat' dir='ltr'>Silium</span> <span class='ocrx_word' id='word_1_181' title='bbox 2005 2722 2069 2780; x_wconf 91' lang='lat' dir='ltr'>et</span> <span class='ocrx_word' id='word_1_182' title='bbox 2124 2715 2475 2795; x_wconf 87' lang='lat' dir='ltr'>Vergilium</span> <span class='ocrx_word' id='word_1_183' title='bbox 2537 2723 2790 2783; x_wconf 86' lang='lat' dir='ltr'>exstare</span> 
     </span>
     <span class='ocr_line' id='line_1_24' title="bbox 601 2805 2791 2899; baseline 0.001 -20"><span class='ocrx_word' id='word_1_184' title='bbox 601 2817 729 2879; x_wconf 88' lang='lat' dir='ltr'>iam</span> <span class='ocrx_word' id='word_1_185' title='bbox 773 2822 1034 2896; x_wconf 89' lang='lat' dir='ltr'>constat,</span> <span class='ocrx_word' id='word_1_186' title='bbox 1081 2816 1269 2879; x_wconf 90' lang='lat' dir='ltr'>etiam</span> <span class='ocrx_word' id='word_1_187' title='bbox 1315 2805 1679 2878; x_wconf 89' lang='lat' dir='ltr'>tenuissima</span> <span class='ocrx_word' id='word_1_188' title='bbox 1722 2815 2435 2899; x_wconf 84' lang='lat' dir='ltr'>vestigia-neglegenda</span> <span class='ocrx_word' id='word_1_189' title='bbox 2486 2837 2610 2880; x_wconf 90' lang='lat' dir='ltr'>non</span> <span class='ocrx_word' id='word_1_190' title='bbox 2653 2838 2791 2881; x_wconf 85' lang='lat' dir='ltr'>esse</span> 
     </span>
     <span class='ocr_line' id='line_1_25' title="bbox 602 2915 2791 3003; baseline 0 -24"><span class='ocrx_word' id='word_1_191' title='bbox 602 2923 774 3003; x_wconf 91' lang='lat' dir='ltr'>puto,</span> <span class='ocrx_word' id='word_1_192' title='bbox 817 2916 967 2979; x_wconf 90' lang='lat' dir='ltr'>dum</span> <span class='ocrx_word' id='word_1_193' title='bbox 1009 2916 1073 2979; x_wconf 87' lang='lat' dir='ltr'>id</span> <span class='ocrx_word' id='word_1_194' title='bbox 1117 2938 1311 2979; x_wconf 91' lang='lat' dir='ltr'>unum</span> <span class='ocrx_word' id='word_1_195' title='bbox 1355 2921 1702 2996; x_wconf 78' lang='lat' dir='ltr'>teneamuS,</span> <span class='ocrx_word' id='word_1_196' title='bbox 1759 2937 1838 2979; x_wconf 92' lang='lat' dir='ltr'>ne</span> <span class='ocrx_word' id='word_1_197' title='bbox 1893 2916 2146 2979; x_wconf 92' lang='lat' dir='ltr'>modum</span> <span class='ocrx_word' id='word_1_198' title='bbox 2201 2915 2582 2979; x_wconf 81' lang='lat' dir='ltr'>excedamus</span> <span class='ocrx_word' id='word_1_199' title='bbox 2632 2938 2791 2980; x_wconf 88' lang='lat' dir='ltr'>neve</span> 
     </span>
     <span class='ocr_line' id='line_1_26' title="bbox 603 3015 2792 3098; baseline 0 -20"><span class='ocrx_word' id='word_1_200' title='bbox 603 3017 814 3079; x_wconf 88' lang='lat' dir='ltr'>statim</span> <span class='ocrx_word' id='word_1_201' title='bbox 878 3016 956 3079; x_wconf 92' lang='lat' dir='ltr'>de</span> <span class='ocrx_word' id='word_1_202' title='bbox 1021 3016 1365 3079; x_wconf 88' lang='lat' dir='ltr'>imitatione</span> <span class='ocrx_word' id='word_1_203' title='bbox 1430 3016 1795 3098; x_wconf 87' lang='lat' dir='ltr'>cogitemus,</span> <span class='ocrx_word' id='word_1_204' title='bbox 1858 3016 1968 3079; x_wconf 89' lang='lat' dir='ltr'>ubi</span> <span class='ocrx_word' id='word_1_205' title='bbox 2031 3036 2115 3079; x_wconf 81' lang='lat' dir='ltr'>ex</span> <span class='ocrx_word' id='word_1_206' title='bbox 2180 3016 2302 3079; x_wconf 89' lang='lat' dir='ltr'>alio</span> <span class='ocrx_word' id='word_1_207' title='bbox 2364 3016 2535 3079; x_wconf 89' lang='lat' dir='ltr'>fonte</span> <span class='ocrx_word' id='word_1_208' title='bbox 2607 3015 2792 3079; x_wconf 90' lang='lat' dir='ltr'>facile</span> 
     </span>
     <span class='ocr_line' id='line_1_27' title="bbox 602 3115 2789 3201; baseline -0.001 -22"><span class='ocrx_word' id='word_1_209' title='bbox 602 3116 873 3180; x_wconf 89' lang='lat' dir='ltr'>derivari</span> <span class='ocrx_word' id='word_1_210' title='bbox 937 3122 1142 3199; x_wconf 89' lang='lat' dir='ltr'>potest</span> <span class='ocrx_word' id='word_1_211' title='bbox 1207 3116 1560 3179; x_wconf 91' lang='lat' dir='ltr'>similitudo.</span> <span class='ocrx_word' id='word_1_212' title='bbox 1652 3115 1820 3178; x_wconf 89' lang='lat' dir='ltr'>Nam</span> <span class='ocrx_word' id='word_1_213' title='bbox 1884 3115 1999 3179; x_wconf 92' lang='lat' dir='ltr'>hoc</span> <span class='ocrx_word' id='word_1_214' title='bbox 2062 3137 2307 3200; x_wconf 90' lang='lat' dir='ltr'>quoque</span> <span class='ocrx_word' id='word_1_215' title='bbox 2369 3115 2789 3201; x_wconf 87' lang='lat' dir='ltr'>reputandum</span> 
     </span>
     <span class='ocr_line' id='line_1_28' title="bbox 604 3206 2792 3301; baseline -0.001 -22"><span class='ocrx_word' id='word_1_216' title='bbox 604 3222 717 3297; x_wconf 91' lang='lat' dir='ltr'>est,</span> <span class='ocrx_word' id='word_1_217' title='bbox 762 3216 984 3279; x_wconf 92' lang='lat' dir='ltr'>Silium</span> <span class='ocrx_word' id='word_1_218' title='bbox 1027 3216 1368 3299; x_wconf 91' lang='lat' dir='ltr'>permultos</span> <span class='ocrx_word' id='word_1_219' title='bbox 1413 3216 1565 3279; x_wconf 90' lang='lat' dir='ltr'>alios</span> <span class='ocrx_word' id='word_1_220' title='bbox 1610 3206 1943 3301; x_wconf 89' lang='lat' dir='ltr'>scriptores</span> <span class='ocrx_word' id='word_1_221' title='bbox 1985 3215 2296 3277; x_wconf 89' lang='lat' dir='ltr'>imitatum</span> <span class='ocrx_word' id='word_1_222' title='bbox 2341 3236 2477 3278; x_wconf 92' lang='lat' dir='ltr'>esse</span> <span class='ocrx_word' id='word_1_223' title='bbox 2513 3214 2711 3278; x_wconf 88' lang='lat' dir='ltr'>videri</span> <span class='ocrx_word' id='word_1_224' title='bbox 2729 3214 2792 3295; x_wconf 87' lang='lat'>¹).</span> 
     </span>
     <span class='ocr_line' id='line_1_29' title="bbox 603 3315 2789 3401; baseline 0 -22"><span class='ocrx_word' id='word_1_225' title='bbox 603 3318 810 3391; x_wconf 81' lang='lat' dir='ltr'>Quam</span> <span class='ocrx_word' id='word_1_226' title='bbox 853 3316 932 3379; x_wconf 96' lang='lat' dir='ltr'>ob</span> <span class='ocrx_word' id='word_1_227' title='bbox 974 3338 1105 3379; x_wconf 89' lang='lat' dir='ltr'>rem</span> <span class='ocrx_word' id='word_1_228' title='bbox 1152 3316 1477 3401; x_wconf 83' lang='lat' dir='ltr'>exemplis,</span> <span class='ocrx_word' id='word_1_229' title='bbox 1536 3337 1701 3401; x_wconf 90' lang='lat' dir='ltr'>quae</span> <span class='ocrx_word' id='word_1_230' title='bbox 1756 3315 2034 3395; x_wconf 85' lang='lat' dir='ltr'>exhibui,</span> <span class='ocrx_word' id='word_1_231' title='bbox 2091 3316 2289 3379; x_wconf 90' lang='lat' dir='ltr'>multa</span> <span class='ocrx_word' id='word_1_232' title='bbox 2345 3316 2470 3379; x_wconf 86' lang='lat' dir='ltr'>alia</span> <span class='ocrx_word' id='word_1_233' title='bbox 2526 3316 2789 3379; x_wconf 88' lang='lat' dir='ltr'>fortasse</span> 
     </span>
     <span class='ocr_line' id='line_1_30' title="bbox 603 3415 2789 3502; baseline 0 -23"><span class='ocrx_word' id='word_1_234' title='bbox 603 3417 828 3501; x_wconf 89' lang='lat' dir='ltr'>aliquis</span> <span class='ocrx_word' id='word_1_235' title='bbox 873 3416 1100 3480; x_wconf 87' lang='lat' dir='ltr'>addere</span> <span class='ocrx_word' id='word_1_236' title='bbox 1145 3417 1247 3480; x_wconf 88' lang='lat' dir='ltr'>vel</span> <span class='ocrx_word' id='word_1_237' title='bbox 1290 3415 1368 3480; x_wconf 93' lang='lat' dir='ltr'>de</span> <span class='ocrx_word' id='word_1_238' title='bbox 1410 3416 1503 3497; x_wconf 84' lang='lat' dir='ltr'>iis,</span> <span class='ocrx_word' id='word_1_239' title='bbox 1549 3437 1711 3501; x_wconf 92' lang='lat' dir='ltr'>quae</span> <span class='ocrx_word' id='word_1_240' title='bbox 1756 3416 1957 3495; x_wconf 88' lang='lat' dir='ltr'>attuli,</span> <span class='ocrx_word' id='word_1_241' title='bbox 2008 3416 2191 3480; x_wconf 89' lang='lat' dir='ltr'>aliter</span> <span class='ocrx_word' id='word_1_242' title='bbox 2232 3416 2506 3481; x_wconf 88' lang='lat' dir='ltr'>iudicare</span> <span class='ocrx_word' id='word_1_243' title='bbox 2549 3416 2789 3502; x_wconf 87' lang='lat' dir='ltr'>poterit.</span> 
     </span>
     <span class='ocr_line' id='line_1_31' title="bbox 600 3516 2004 3602; baseline 0.001 -23"><span class='ocrx_word' id='word_1_244' title='bbox 600 3516 818 3580; x_wconf 87' lang='lat' dir='ltr'>Affero</span> <span class='ocrx_word' id='word_1_245' title='bbox 862 3522 1073 3580; x_wconf 91' lang='lat' dir='ltr'>autem</span> <span class='ocrx_word' id='word_1_246' title='bbox 1117 3516 1303 3580; x_wconf 85' lang='lat' dir='ltr'>haec:</span> <span class='ocrx_word' id='word_1_247' title='bbox 2000 3598 2004 3602; x_wconf 12' lang='grc' dir='ltr'><strong>ῃ</strong></span> 
     </span>
    </p>

    <p class='ocr_par' dir='ltr' id='par_1_4' title="bbox 773 3615 2622 3701">
     <span class='ocr_line' id='line_1_32' title="bbox 773 3615 2622 3701; baseline 0.001 -22"><span class='ocrx_word' id='word_1_248' title='bbox 773 3616 832 3695; x_wconf 91' lang='grc'>1)</span> <span class='ocrx_word' id='word_1_249' title='bbox 874 3617 971 3680; x_wconf 92' lang='lat' dir='ltr'>De</span> <span class='ocrx_word' id='word_1_250' title='bbox 1013 3616 1250 3680; x_wconf 90' lang='lat' dir='ltr'>Mauris</span> <span class='ocrx_word' id='word_1_251' title='bbox 1293 3617 1440 3681; x_wconf 90' lang='lat' dir='ltr'>dicit</span> <span class='ocrx_word' id='word_1_252' title='bbox 1481 3617 1687 3698; x_wconf 81' lang='lat' dir='ltr'>Silius,</span> <span class='ocrx_word' id='word_1_253' title='bbox 1720 3637 1893 3701; x_wconf 86' lang='lat' dir='ltr'>quae</span> <span class='ocrx_word' id='word_1_254' title='bbox 1937 3616 2253 3695; x_wconf 87' lang='lat' dir='ltr'>Vergilius</span> <span class='ocrx_word' id='word_1_255' title='bbox 2294 3616 2373 3681; x_wconf 94' lang='lat' dir='ltr'>de</span> <span class='ocrx_word' id='word_1_256' title='bbox 2416 3615 2622 3681; x_wconf 85' lang='lat' dir='ltr'>Afris:</span> 
     </span>
    </p>

    <p class='ocr_par' dir='ltr' id='par_1_5' title="bbox 703 3747 2787 4154">
     <span class='ocr_line' id='line_1_33' title="bbox 703 3747 2787 3819; baseline 0 -19"><span class='ocrx_word' id='word_1_257' title='bbox 703 3747 755 3812; x_wconf 90' lang='lat'>1)</span> <span class='ocrx_word' id='word_1_258' title='bbox 792 3751 983 3819; x_wconf 82' lang='lat' dir='ltr'>Georg.</span> <span class='ocrx_word' id='word_1_259' title='bbox 1020 3752 1103 3802; x_wconf 94' lang='lat' dir='ltr'>III</span> <span class='ocrx_word' id='word_1_260' title='bbox 1137 3748 1264 3804; x_wconf 86' lang='lat'>341:</span> <span class='ocrx_word' id='word_1_261' title='bbox 1303 3753 1470 3819; x_wconf 87' lang='lat' dir='ltr'>Saepe</span> <span class='ocrx_word' id='word_1_262' title='bbox 1496 3753 1634 3804; x_wconf 91' lang='lat' dir='ltr'>diem</span> <span class='ocrx_word' id='word_1_263' title='bbox 1659 3755 1974 3817; x_wconf 84' lang='lat' dir='ltr'>noctemque</span> <span class='ocrx_word' id='word_1_264' title='bbox 1998 3755 2050 3803; x_wconf 88' lang='lat' dir='ltr'>et</span> <span class='ocrx_word' id='word_1_265' title='bbox 2073 3755 2243 3802; x_wconf 88' lang='lat' dir='ltr'>totum</span> <span class='ocrx_word' id='word_1_266' title='bbox 2261 3769 2328 3803; x_wconf 85' lang='lat' dir='ltr'>ex</span> <span class='ocrx_word' id='word_1_267' title='bbox 2347 3752 2530 3803; x_wconf 87' lang='lat' dir='ltr'>ordine</span> <span class='ocrx_word' id='word_1_268' title='bbox 2554 3767 2787 3803; x_wconf 90' lang='lat' dir='ltr'>mensem</span> 
     </span>
     <span class='ocr_line' id='line_1_34' title="bbox 1296 3835 2786 3903; baseline 0 -17"><span class='ocrx_word' id='word_1_269' title='bbox 1296 3837 1536 3888; x_wconf 85' lang='lat' dir='ltr'>Pascitur</span> <span class='ocrx_word' id='word_1_270' title='bbox 1584 3837 1780 3903; x_wconf 85' lang='lat' dir='ltr'>itque</span> <span class='ocrx_word' id='word_1_271' title='bbox 1840 3852 2002 3903; x_wconf 89' lang='lat' dir='ltr'>pecus</span> <span class='ocrx_word' id='word_1_272' title='bbox 2055 3837 2215 3903; x_wconf 89' lang='lat' dir='ltr'>longa</span> <span class='ocrx_word' id='word_1_273' title='bbox 2273 3836 2329 3887; x_wconf 90' lang='lat' dir='ltr'>in</span> <span class='ocrx_word' id='word_1_274' title='bbox 2379 3836 2585 3887; x_wconf 87' lang='lat' dir='ltr'>deserta</span> <span class='ocrx_word' id='word_1_275' title='bbox 2635 3835 2786 3887; x_wconf 90' lang='lat' dir='ltr'>sine</span> 
     </span>
     <span class='ocr_line' id='line_1_35' title="bbox 2216 3919 2390 3970; baseline 0 0"><span class='ocrx_word' id='word_1_276' title='bbox 2216 3919 2390 3970; x_wconf 91' lang='lat' dir='ltr'>ullis</span> 
     </span>
     <span class='ocr_line' id='line_1_36' title="bbox 1297 4001 2787 4070; baseline 0.001 -19"><span class='ocrx_word' id='word_1_277' title='bbox 1297 4001 1582 4068; x_wconf 89' lang='lat' dir='ltr'>Hospitiis:</span> <span class='ocrx_word' id='word_1_278' title='bbox 1619 4006 1824 4054; x_wconf 90' lang='lat' dir='ltr'>tantum</span> <span class='ocrx_word' id='word_1_279' title='bbox 1870 4004 2099 4070; x_wconf 89' lang='lat' dir='ltr'>campi</span> <span class='ocrx_word' id='word_1_280' title='bbox 2133 4003 2287 4055; x_wconf 89' lang='lat' dir='ltr'>iacet.</span> <span class='ocrx_word' id='word_1_281' title='bbox 2333 4001 2573 4053; x_wconf 89' lang='lat' dir='ltr'>Omnia</span> <span class='ocrx_word' id='word_1_282' title='bbox 2607 4018 2787 4053; x_wconf 90' lang='lat' dir='ltr'>secum</span> 
     </span>
     <span class='ocr_line' id='line_1_37' title="bbox 1296 4085 2721 4154; baseline 0.001 -19"><span class='ocrx_word' id='word_1_283' title='bbox 1296 4085 1666 4136; x_wconf 85' lang='lat' dir='ltr'>Armentarius</span> <span class='ocrx_word' id='word_1_284' title='bbox 1698 4085 1830 4137; x_wconf 91' lang='lat' dir='ltr'>Afer</span> <span class='ocrx_word' id='word_1_285' title='bbox 1864 4086 1976 4154; x_wconf 81' lang='lat' dir='ltr'>agit</span> <span class='ocrx_word' id='word_1_286' title='bbox 2011 4089 2412 4152; x_wconf 86' lang='lat' dir='ltr'>tectumque</span> <span class='ocrx_word' id='word_1_287' title='bbox 2448 4086 2721 4150; x_wconf 86' lang='lat' dir='ltr'>laremque</span> 
     </span>
    </p>
   </div>
   <div class='ocr_carea' id='block_1_4' title="bbox 1293 4167 2787 4321">
    <p class='ocr_par' dir='ltr' id='par_1_6' title="bbox 1293 4167 2787 4321">
     <span class='ocr_line' id='line_1_38' title="bbox 1293 4167 2787 4237; baseline 0 -18"><span class='ocrx_word' id='word_1_288' title='bbox 1293 4168 1567 4235; x_wconf 87' lang='lat' dir='ltr'>Armaque</span> <span class='ocrx_word' id='word_1_289' title='bbox 1602 4167 2049 4232; x_wconf 79' lang='lat' dir='ltr'>Amyclaeum</span> <span class='ocrx_word' id='word_1_290' title='bbox 2068 4186 2196 4237; x_wconf 87' lang='lat' dir='ltr'>que</span> <span class='ocrx_word' id='word_1_291' title='bbox 2240 4186 2475 4221; x_wconf 89' lang='lat' dir='ltr'>canem</span> <span class='ocrx_word' id='word_1_292' title='bbox 2520 4168 2787 4220; x_wconf 81' lang='lat' dir='ltr'>Cressam-</span> 
     </span>
     <span class='ocr_line' id='line_1_39' title="bbox 2209 4255 2656 4321; baseline 0 -16"><span class='ocrx_word' id='word_1_293' title='bbox 2209 4270 2311 4320; x_wconf 87' lang='lat' dir='ltr'>que</span> <span class='ocrx_word' id='word_1_294' title='bbox 2345 4255 2656 4321; x_wconf 88' lang='lat' dir='ltr'>pharetram</span> 
     </span>
    </p>
   </div>
   <div class='ocr_carea' id='block_1_5' title="bbox 607 4318 1001 4325">
    <p class='ocr_par' dir='ltr' id='par_1_7' title="bbox 607 4318 1001 4325">
     <span class='ocr_line' id='line_1_40' title="bbox 607 4318 1001 4325; baseline 0 557"><span class='ocrx_word' id='word_1_295' title='bbox 607 4318 1001 4325; x_wconf 95' lang='lat' dir='ltr'> </span> 
     </span>
    </p>
   </div>
   <div class='ocr_carea' id='block_1_6' title="bbox 772 4374 2032 4447">
    <p class='ocr_par' dir='ltr' id='par_1_8' title="bbox 772 4374 2032 4447">
     <span class='ocr_line' id='line_1_41' title="bbox 772 4374 2032 4447; baseline 0.006 -21"><span class='ocrx_word' id='word_1_296' title='bbox 772 4374 810 4441; x_wconf 78' lang='lat'>1)</span> <span class='ocrx_word' id='word_1_297' title='bbox 846 4377 926 4433; x_wconf 81' lang='lat' dir='ltr'>De</span> <span class='ocrx_word' id='word_1_298' title='bbox 963 4377 1154 4447; x_wconf 91' lang='lat' dir='ltr'>quibus</span> <span class='ocrx_word' id='word_1_299' title='bbox 1189 4377 1307 4432; x_wconf 85' lang='lat' dir='ltr'>vide</span> <span class='ocrx_word' id='word_1_300' title='bbox 1341 4377 1565 4432; x_wconf 88' lang='lat' dir='ltr'>Wezelii</span> <span class='ocrx_word' id='word_1_301' title='bbox 1599 4378 2032 4434; x_wconf 88' lang='lat' dir='ltr'>dissertationem.</span> 
     </span>
    </p>
   </div>
  </div>
 </body>
</html>
