3264 4882
823 916 1332 1050 JoANNEs
1403 957 1918 1032 GROESST
1986 959 2089 1032 de
2141 958 2317 1032 vita
2367 980 2545 1033 sua.

730 1219 945 1287 ,Natus
975 1243 1113 1285 sum
1134 1211 1175 1286 J
1179 1244 1411 1286 oannes
1439 1222 1701 1287 Groesst
1730 1218 1876 1287 ante
1906 1222 2070 1287 diem
2102 1224 2436 1309 septimum
2466 1214 2796 1288 Calendas‘

580 1320 966 1384 >Februarias
1022 1344 1185 1386 anno
1247 1316 1401 1387 1861
1462 1319 1742 1386 Berolini
1797 1330 1978 1408 patre
2035 1323 2348 1407 Augusto,
2413 1325 2522 1408 qui
2583 1324 2648 1386 in
2712 1344 2780 1388 re

585 1420 931 1484 vehiculari
983 1422 1405 1507 epistularum
1469 1445 1504 1486 o
1579 1424 1673 1487 cio
1739 1422 1990 1487 functus
2055 1430 2167 1505 est,
2233 1431 2434 1489 matre
2488 1414 2812 1508 Augusta⁷

587 1541 622 1583 e
661 1527 848 1603 gente
878 1521 1287 1585 Ouwalliana.
1337 1523 1557 1586 Fidem
1601 1525 1898 1608 profiteor
1942 1523 2391 1607 evangelicam.
2441 1523 2812 1587 Doctrinae

552 1619 910 1685 fel'ementis
954 1621 1018 1685 in
1073 1620 1219 1685 ludo
1274 1622 1520 1707 privato
1562 1622 1956 1687 Berolinensi
2007 1623 2343 1687 instructus
2386 1624 2777 1704 gymnasium

581 1718 986 1785 Berolinense
1047 1721 1562 1807 Leucophaeum*
1599 1721 1997 1807 frequentavi
2069 1724 2149 1787 ab
2216 1730 2501 1787 extrema
2577 1721 2778 1787 classe

584 1841 783 1904 usque
840 1820 919 1883 ad
983 1821 1270 1905 primam.
1364 1822 1505 1896 Qua
1568 1822 1635 1884 in
1699 1822 1937 1900 schola,
2004 1823 2105 1887 cui
2166 1843 2291 1886 non
2349 1823 2532 1886 modo
2597 1821 2775 1887 disci-

584 1920 838 2005 plinam,
889 1921 997 1985 sed
1055 1922 1245 1985 etiam
1310 1920 1673 1985 adiumenta
1732 1923 1834 1985 vel
1889 1923 2040 1986 civis
2102 1922 2494 1987 academicus
2557 1921 2776 2002 debeo,

582 2012 979 2104 antiquitatis
1020 2021 1355 2084 virtutibus
1399 2019 1555 2084 adeo
1613 2019 1962 2085 delectatus
2018 2044 2172 2102 sum,
2234 2029 2305 2086 ut
2361 2010 2418 2085 e'
2452 2023 2778 2106 gymnasio

586 2126 891 2202 egressus
945 2120 1150 2185 studio
1216 2120 1616 2204 antiquarum
1681 2120 2035 2184 litterarum
2097 2133 2220 2185 nie'
2263 2121 2492 2184 dedere
2556 2121 2777 2184 consti-

585 2226 844 2284 tuerem.
914 2221 1120 2295 Quam
1165 2220 1244 2283 ob
1286 2238 1420 2283 rem
1462 2241 1677 2284 mense
1708 2219 1964 2284 Octobri
2007 2223 2155 2284 anni
2203 2222 2362 2285 1880
2406 2221 2567 2283 inter
2609 2221 2776 2283 cives

585 2319 975 2384 academicos
1030 2320 1474 2384 Universitatis
1527 2319 1887 2383 Fridericae
1947 2319 2301 2384 Guilelmae
2357 2319 2777 2383 Berolinensis

584 2426 874 2507 receptus
919 2426 982 2484 et
1024 2419 1224 2484 ordini
1265 2419 1774 2506 philosophorum
1818 2420 2169 2507 adscriptus
2213 2443 2367 2484 sum.
2443 2419 2567 2483 Sed
2611 2440 2775 2483 anno

585 2528 732 2585 ante
777 2542 967 2605 quam
1010 2521 1127 2584 hoc
1171 2521 1465 2602 consequi
1508 2527 1810 2605 poteram,
1852 2527 2034 2606 pater
2084 2543 2119 2585 e
2163 2523 2294 2585 vita
2345 2520 2651 2600 discessit,
2707 2525 2776 2582 ut

582 2621 728 2685 inde
772 2621 863 2690 ab⁴
896 2622 1002 2684 illo
1045 2626 1328 2706 tempore
1373 2642 1408 2684 e
1451 2620 1772 2706 discipulis
1814 2619 2105 2684 docendis
2161 2626 2489 2706 quaestum
2544 2638 2775 2705 ¹capere

585 2742 862 2804 cogerer,
905 2742 984 2784 ne
1027 2720 1355 2784 consilium
1399 2720 1586 2782 studii
1628 2719 1987 2804 philologici
2029 2722 2340 2784 incassum
2384 2720 2562 2784 foret.

748 2820 1004 2883 Litteris
1062 2826 1274 2885 autem
1328 2820 1694 2883 liberalibus
1751 2842 1864 2905 per
1919 2827 2213 2902 quattuor
2267 2842 2464 2884 annos
2518 2839 2775 2904 operam

585 2920 749 3002 dedi,
820 2942 934 3006 per
1003 2919 1168 3004 quod
1222 2905 1487 3005 tempus
1556 2940 1658 2982 me
1739 2920 2110 2983 dccuerunt.
2148 2920 2266 2983 viri
2343 2918 2773 2983 illustrissimi:

587 3021 856 3101 Curtius,
924 3020 1249 3102 Huebner,
1321 3020 1592 3100 Vahlen,
1671 3018 2021 3098 Kirchhoff‚
2099 3018 2335 3082 Robert
2405 3018 2771 3098 Mommsen,

586 3144 642 3185 v.
686 3120 1070 3200 Treitschke,
1112 3119 1418 3204 Droysen,
1463 3117 1684 3201 Zeller,
1725 3121 2018 3200 Paulsen,
2061 3118 2377 3203 Dielthey.
2447 3118 2550 3182 Ad
2594 3138 2772 3181 exer-

587 3221 927 3301 citationes,
982 3239 1139 3302 quas
1182 3210 1504 3283 in‘stituere
1549 3220 1724 3299 solet,
1775 3219 2083 3283 Aemilius
2126 3218 2446 3298 Huebner,
2498 3239 2611 3303 per
2652 3217 2771 3281 tria

587 3321 912 3384 semestria
956 3319 1395 3403 benignissime
1453 3309 1554 3383 me
1612 3319 1889 3400 admisit3
1949 3318 2279 3383 seminario
2333 3318 2506 3401 regio
2564 3324 2771 3381 extra-

588 3420 936 3483 ordinarius
1000 3420 1202 3484 socius
1265 3440 1378 3504 per
1443 3441 1688 3483 annum·
1741 3419 2012 3482 interfui.
2115 3419 2248 3481 Illis
2317 3417 2466 3481 viris
2537 3417 2770 3502 optime

587 3520 665 3585 de
707 3542 808 3585 me
850 3520 1088 3583 meritis
1129 3519 1366 3602 gratias
1408 3540 1530 3603 ago
1572 3540 1763 3603 quam
1804 3518 2128 3582 maximos,
