3264 4882
1388 339 1804 399 —17—

503 526 735 604 nullae,
792 524 900 587 ubi
943 523 1021 587 de
1065 522 1295 586 relictis
1340 542 1377 583 a
1430 541 1496 581 se
1541 519 1794 601 cogitat,
1838 518 2190 581 simillimae
2244 516 2411 598 apud
2455 524 2690 580 utrum-

505 646 625 709 que
669 630 920 708 poetam
964 622 1392 686 inveniuntur:

605 760 738 809 Aen.
764 754 885 807 672:
923 756 1062 816 Quid
1099 770 1285 806 manus
1322 753 1415 803 illa
1450 752 1639 813 virum,
1677 751 1766 816 qui
1803 768 1886 829 me
1926 753 2197 818 'meaque
2232 768 2408 803 arma
2444 751 2691 802 secuti?

925 839 1136 898 Quosne
1173 833 1366 898 (nefas)
1403 850 1584 885 omnes
1619 833 1841 885 infanda
1875 835 1930 884 in
1965 839 2132 886 morte
2169 835 2358 900 reliqui

927 923 993 972 Et
1030 938 1169 971 nunc
1205 920 1448 986 palantes
1484 918 1639 969 video
1675 917 2124 985 gemitumque
2161 917 2444 969 cadentum

926 1004 1232 1070 Accipio.

610 1090 699 1141 Sil.
734 1086 858 1139 562:
928 1124 1136 1139 .....
1175 1101 1319 1135 mea
1356 1085 1557 1151 signa
1593 1083 1851 1144 secuti,

570 1184 572 1188 “
927 1170 1054 1228 Quis
1089 1185 1301 1236 pugnae
1337 1168 1632 1234 auspicium
1669 1166 1925 1227 dedimuS,
1961 1165 2269 1229 caeduntur,
2305 1170 2357 1217 et
2391 1167 2581 1217 absens

928 1252 977 1300 A
993 1267 1020 1301 c
1036 1267 1064 1301 c
1080 1251 1145 1317 ip
1160 1251 1221 1301 io
1257 1267 1292 1317 g
1307 1267 1335 1301 e
1350 1268 1402 1300 m
1419 1250 1520 1300 itu
1535 1266 1559 1299 s
1596 1264 1855 1313 vocesque
1892 1249 1944 1298 et
1979 1248 2140 1298 verba
2175 1251 2457 1299 vocantum

926 1333 1302 1385 Hannibalem.

674 1448 966 1532 Denique
1009 1454 1072 1510 et
1099 1444 1421 1510 Hannibal
1463 1450 1524 1506 et
1552 1441 1800 1506 Turnus
1830 1443 2236 1528 desperantes
2281 1445 2396 1508 sibi
2431 1451 2694 1509 mortem

509 1548 741 1611 illaturi
799 1554 959 1628 sunt,
1013 1568 1152 1610 cum
1208 1544 1373 1608 Juno
1429 1545 1594 1607 viros
1649 1543 1946 1607 miserata
2004 1567 2041 1608 a
2099 1546 2415 1630 proposito
2470 1546 2697 1609 retinet

511 1648 690 1728 (Aen.
737 1649 1078 1711 680—686
1121 1684 1203 1691 —
1247 1645 1353 1708 Sil.
1396 1644 1560 1723 566).

677 1747 778 1810 Ex
822 1746 918 1809 his
960 1746 1263 1827 versibuS,
1319 1767 1473 1829 quos
1531 1745 1813 1828 congessi
1873 1766 1952 1807 ex
1997 1744 2240 1808 duobus
2282 1745 2502 1828 poetiS,
2547 1746 2698 1808 satis

513 1853 796 1910 constare
840 1847 994 1908 mihi
1022 1846 1286 1927 videtur,
1316 1844 1536 1908 Silium
1580 1846 1755 1907 nulla
1799 1845 1923 1907 alia
1966 1865 2033 1907 re
2078 1842 2159 1907 ad
2200 1843 2363 1907 hanc
2406 1865 2696 1934 scaenam

512 1946 980 2010 describendam
1042 1945 1379 2009 adductum
1446 1966 1581 2008 esse
1641 1964 1830 2026 quam
1887 1945 2019 2009 sola
2081 1944 2364 2008 imitandi
2425 1944 2698 2009 libidine.

512 2046 733 2129 Itaque
792 2047 1108 2131 superflua
1168 2066 1304 2108 esse
1360 2052 1532 2129 put0,
1585 2064 1748 2125 quae
1794 2044 2135 2107 Cosackius
2159 2044 2204 2124 ¹)
2260 2043 2337 2108 de
2393 2045 2511 2109 hoc
2565 2046 2699 2108 loco

513 2145 823 2226 disseruit,
880 2152 949 2207 ut
1005 2165 1226 2207 causas
1284 2143 1554 2224 afferret,
1612 2144 1839 2228 quibus
1895 2154 2213 2228 permotus
2269 2145 2455 2208 Silius
2510 2145 2698 2208 fidem

514 2244 871 2307 historicam
946 2252 1194 2307 secutus
1265 2266 1387 2307 non
1461 2251 1644 2307 esset.
1757 2244 2028 2325 Etenim,
2099 2245 2318 2328 inquit,
2392 2247 2442 2307 si
2512 2245 2699 2308 Silius

515 2343 793 2427 Appiani
837 2343 1113 2406 fontibus
1157 2366 1305 2406 usus
1350 2351 1530 2422 esset,
1585 2345 1966 2407 narrandum
2024 2344 2081 2407 ei
2125 2343 2302 2424 foret,
2354 2343 2700 2408 Hannibali

517 2463 658 2508 cum
714 2441 1080 2506 Massinissa
1139 2451 1328 2526 atque
1384 2444 1672 2527 Scipione
1729 2452 2046 2510 certamen
2112 2446 2429 2528 singulare
2486 2447 2698 2510 fuisse.

517 2542 677 2604 Tum'
748 2549 959 2606 autem
1022 2564 1286 2626 magnas
1351 2544 1414 2606 in
1471 2543 1875 2609 difficultates
1929 2545 2306 2625 incurrisset,
2371 2546 2535 2630 quod
2592 2555 2702 2609 aut

514 2661 642 2703 rem
705 2641 765 2704 in
825 2642 1027 2705 medio
1084 2643 1349 2727 relinqui
1414 2649 1746 2728 oporteret,
1813 2645 1919 2728 qui
1974 2666 2228 2728 pugnae
2293 2646 2500 2709 exitus
2561 2668 2701 2710 cum

515 2740 817 2818 dignitate
888 2741 1132 2805 illorum
1205 2742 1478 2805 virorum
1550 2766 1673 2807 non
1744 2745 2123 2826 conveniret,
2199 2752 2308 2807 aut
2378 2744 2701 2808 Hannibal

516 2839 831 2904 necandus
885 2849 1065 2920 esset,
1118 2840 1182 2903 id
1234 2842 1398 2923 quod
1446 2850 1667 2906 contra
1718 2843 1907 2907 fidem
1960 2843 2318 2908 historicam
2371 2853 2702 2930 pugnaret.

680 3022 863 3086 Nunc
905 3025 984 3087 ad
1021 3025 1296 3088 alterum
1328 3026 1748 3109 episodiorum
1778 3048 1976 3110 genus
2004 3048 2104 3090 me
2133 3035 2391 3101 vertam,
2436 3048 2700 3109 quorum

516 3130 954 3202 argumentum
1027 3146 1107 3187 ex
1177 3128 1476 3189 memoria
1548 3148 1759 3190 rerum
1824 3133 2145 3209 gestarum
2209 3127 2556 3213 profectum
2622 3128 2703 3190 ad

515 3218 782 3303 Vergilii
848 3226 1204 3307 exemplum
1268 3225 1635 3307 dispositum
1711 3234 1822 3291 est.
1912 3227 2154 3301 Quibus
2211 3228 2273 3289 in
2330 3228 2480 3290 locis
2537 3227 2703 3311 quod

515 3317 750 3383 fructus
794 3344 874 3385 ex
917 3324 1180 3388 lectione
1225 3325 1595 3388 Maroniana
1641 3334 1857 3411 captos
1898 3328 1962 3389 in
2017 3349 2197 3390 suum
2253 3349 2436 3390 usum
2492 3328 2699 3408 vertit,

515 3421 1023 3505 quotiescumque
1087 3425 1220 3487 fieri
1275 3425 1495 3509 potuit,
1539 3426 1691 3489 Silio
1736 3427 2035 3512 opprobio
2079 3427 2353 3490 dandum
2397 3449 2520 3489 non
2567 3449 2702 3490 esse

516 3526 682 3601 puto,
766 3522 931 3584 Nam
975 3523 1091 3585 hoc
1136 3525 1299 3586 facto
1352 3546 1467 3588 nec
1524 3526 1713 3589 fidem
1769 3526 2124 3589 historicam
2181 3528 2481 3609 neglexit,
2540 3550 2703 3612 quae

514 3617 711 3679 virtus
766 3619 898 3682 Silii
956 3623 1230 3706 maxime
1287 3624 1349 3686 in
1406 3627 1767 3688 universum
1823 3626 2140 3690 laudanda
2198 3634 2310 3705 est,
2367 3648 2481 3690 nec
2537 3628 2702 3690 male

516 3736 765 3779 carmen
815 3723 1074 3784 ornavit.
1153 3710 1363 3796 'Quam
1423 3725 1500 3788 ob
1556 3747 1689 3788 rem
1734 3723 2024 3789 SulZerus
2046 3725 2093 3805 ²)
2148 3748 2270 3790 non
2297 3771 2300 3776 -
2329 3728 2479 3790 satis
2535 3734 2702 3791 recte

514 3814 1001 3886 dissereremihi
1031 3821 1294 3904 videtur,
1327 3844 1466 3885 cum
1498 3824 1667 3905 dicit,
1707 3825 1947 3888 nullum
1978 3826 2323 3910 episodium
2356 3849 2390 3890 e
2419 3820 2702 3908 Vergilio

516 3924 905 4001 assumptum
948 3927 1076 3983 tam
1121 3921 1279 3984 bene
1310 3922 1678 4007 dispositum
1711 3931 1901 4008 atque
1930 3924 2154 3989 idoneo
2184 3929 2317 3989 loco
2352 3927 2704 3990 adhibitum

516 4035 651 4077 esse
719 4038 905 4100 quam
973 4022 1282 4103 permulta
1344 4022 1511 4106 apud
1577 4023 1945 4107 Vergilium.
2031 4026 2197 4088 Nam
2263 4026 2557 4111 episodia,
2591 4089 2592 4092 ,
2625 4025 2702 4088 de

682 4173 719 4234 ¹)
760 4177 1105 4234 Quam-itiones
1142 4179 1389 4242 Silianae,
1426 4181 1578 4231 Halis
1615 4177 1761 4246 1844,
1798 4199 1847 4247 p.
1884 4177 1964 4232 43.

678 4255 719 4318 ²)
756 4274 805 4323 p.
844 4260 964 4310 VII.
1356 4269 1360 4274 ·
2302 4329 2335 4380 2
2375 4294 2378 4298 4
