3264 4882
1396 350 1808 411 -19—

506 536 840 618 utrumque
869 535 1270 599 consentiant.
1322 531 1514 616 Apud
1544 530 1898 615 Vergilium
1919 530 2171 596 Aeneas
2202 531 2283 595 ad
2301 531 2687 613 Euandrum,

509 633 677 719 apud
721 634 941 698 Silium
985 633 1191 719 Scipio
1246 631 1327 696 ad
1369 631 1722 715 Syphacem
1766 653 1983 715 regem
2025 633 2212 712 venit,
2263 638 2335 695 ut
2384 633 2690 696 auxilium

507 739 702 819 petat,
764 754 837 797 ac
891 733 1335 817 benignissime
1402 737 1668 815 uterque
1734 732 2046 817 recipitur.
2130 731 2296 795 Nam
2340 738 2689 817 postquam,

509 833 673 917 quod
716 834 867 913 vult,
909 833 1216 919 exposuit,
1259 852 1372 895 rex
1416 852 1525 895 ora
1569 836 1632 893 et
1675 831 1884 893 vultus
1928 832 2159 912 orantis
2202 832 2688 917 contemplatus:

609 984 742 1036 Aen.
769 984 903 1035 VIII
940 980 1063 1034 152:
1101 1022 1112 1034 .
1151 1023 1162 1033 .
1200 1020 1211 1032 .
1248 982 1338 1033 ille
1374 996 1432 1031 os
1467 980 1754 1049 oculosque
1789 979 2056 1045 loquentis

1098 1066 1135 1117 J
1137 1081 1224 1116 am
1258 1063 1459 1115 dudum
1494 1101 1706 1115 .....
1743 1062 2019 1114 lustrabat.

609 1151 698 1202 Sil.
744 1149 874 1200 XVI
923 1146 1047 1200 190:
1096 1148 1231 1198 Tum
1266 1144 1434 1199 laetos
1470 1146 1687 1198 volvens
1722 1145 1902 1198 oculos
1936 1144 2159 1197 adversa
2195 1163 2290 1213 per
2324 1164 2417 1200 ora

508 1283 668 1345 haec
706 1280 897 1344 verba
941 1278 1126 1343 facit:

517 1473 521 1479 .
605 1433 738 1483 Aen.
769 1430 904 1481 VIII
940 1426 1064 1480 154:
1102 1468 1112 1479 .
1152 1468 1163 1478 .
1203 1467 1214 1479 .
1251 1433 1309 1479 ut
1343 1431 1411 1490 te,
1448 1427 1730 1480 fortissime
1767 1428 2027 1479 Teucrum

1101 1511 1393 1577 Accipio
1428 1526 1765 1578 agnoscoque
1802 1511 2063 1564 libens!
2098 1515 2157 1563 ut
2194 1513 2353 1565 verba
2389 1516 2622 1580 parentis

1101 1595 1167 1645 Et
1201 1610 1384 1645 vocem
1418 1593 1686 1646 Anchisae
1727 1594 1910 1661 magni
1944 1596 2255 1661 vultumque
2291 1598 2624 1649 recordor

608 1681 698 1732 Sil.
751 1679 882 1730 XVI
934 1674 1056 1728 192:
1101 1677 1274 1737 Quam
1309 1680 1377 1741 te,
1412 1676 1722 1728 Dardanida
1756 1677 2127 1743 pulcherrime,
2163 1682 2339 1731 mente
2374 1695 2559 1732 serena

1098 1760 1387 1827 Accipio,
1405 1761 1718 1826 intueorque
1738 1760 1970 1812 libens!
1991 1776 2256 1828 quamque
2272 1778 2366 1813 ora
2383 1762 2691 1814 recordor

1100 1844 1297 1896 Laetus
1332 1842 1641 1910 Scipiadae!
1677 1843 1913 1895 Revocat
1947 1846 2040 1895 tua
2073 1844 2247 1896 forma
2282 1848 2557 1910 parentem

669 1993 787 2056 His
828 1992 1036 2056 verbis
1076 1992 1444 2076 insequente
1486 2011 1695 2071 versu,
1740 1991 1846 2075 qui
1889 1992 2126 2076 pariter
2168 1993 2413 2076 incipit:

668 2092 827 2156 Aen.
885 2094 1032 2156 157:
1091 2112 1261 2156 nam
1318 2090 1588 2154 memini.
1673 2089 1780 2154 Sil.
1842 2093 1989 2154 195:
2045 2113 2216 2155 nam
2271 2100 2486 2178 repeto

505 2214 619 2256 rex
648 2191 817 2278 apud
844 2197 1180 2273 utrumque
1210 2190 1399 2271 addit,
1430 2212 1496 2255 se
1526 2196 1715 2254 antea
1744 2190 2057 2275 quondam
2087 2213 2227 2255 cum
2256 2199 2518 2278 parente
2548 2215 2688 2258 con-

503 2293 748 2357 venisse
772 2293 837 2370 1),
894 2313 1080 2376 quem
1121 2292 1401 2354 maxima
1457 2290 1865 2355 admiratione
1910 2298 2251 2355 commotus
2294 2292 2685 2378 adspexerit:

553 2496 557 2500 Α
605 2445 736 2495 Aen.
772 2440 896 2495 163:
931 2443 1166 2495 Mirabar
1201 2441 1359 2494 duces
1396 2439 1628 2493 Teucros
1664 2480 1676 2492 .
1716 2482 1726 2493 .
1767 2480 1777 2492 .
1814 2481 1825 2493 .
1864 2481 1874 2493 .
1964 2480 1974 2492 .
2012 2482 2023 2493 .

935 2648 945 2659 .
984 2649 995 2660 .
1032 2648 1044 2660 .
1080 2609 1212 2659 mihi
1246 2623 1393 2659 mens
1428 2608 1663 2659 iuvenali
1698 2607 1921 2660 ardebat
1954 2625 2135 2661 amore

933 2690 1265 2758 Compellare
1300 2691 1472 2741 virum
1508 2728 1542 2743 ..
1559 2728 1770 2743 .....
1769 2752 1774 2756 ,

612 2774 703 2825 Sil.
754 2769 878 2824 198:
929 2774 1185 2826 Ductores
1219 2773 1352 2824 miro
1390 2773 1658 2839 quondam
1692 2788 1777 2824 me
1813 2788 2027 2825 cernere
2062 2790 2255 2826 amore.

669 2920 831 2984 Tum
874 2929 1096 3007 poetae
1139 2923 1547 3003 consentiunt,
1592 2921 1758 3006 quod
1789 2928 2123 3007 utrumque
2163 2944 2378 3006 regem
2424 2946 2461 2988 a
2503 2933 2683 3010 patre

504 3022 827 3105 utriusque
869 3021 1038 3085 ducis
1081 3022 1243 3085 dona
1286 3022 1598 3104 accepisse
1642 3020 1855 3085 dicunt
1896 3020 2079 3102 (Aen.
2129 3026 2244 3086 166
2275 3059 2356 3065 --
2386 3024 2492 3088 Sil.
2540 3026 2685 3105 199)

505 3127 566 3184 et
623 3142 702 3184 ex
766 3129 945 3207 parte
1008 3122 1257 3207 quidem
1313 3122 1532 3186 eadem
1589 3122 1758 3207 apud
1812 3127 2149 3206 utrumque
2195 3131 2463 3207 poetam
2530 3146 2677 3189 enu-

503 3226 839 3285 merantur.

667 3320 952 3407 Denique
1007 3328 1255 3406 postero
1312 3322 1412 3385 die
1467 3343 1580 3386 rex
1640 3328 1702 3385 et
1755 3322 1981 3404 hospes
2038 3322 2331 3386 vestitum
2384 3343 2682 3409 armaque

502 3421 782 3500 induunt,
836 3443 997 3507 quae
1053 3443 1151 3485 res
1194 3442 1427 3504 magna
1483 3428 1787 3506 exparte
1833 3422 2113 3486 similiter
2167 3422 2565 3504 describitur3
2620 3431 2683 3488 et

502 3523 814 3605 congressi
877 3522 1167 3604 colloquii
1219 3542 1410 3584 causa
1474 3520 1645 3606 apud
1687 3521 1878 3601 Verg.
1934 3522 1996 3584 in
2054 3522 2293 3602 mediiS‚
2351 3523 2516 3609 apud
2575 3524 2682 3588 Sil.

501 3622 563 3684 in
636 3622 887 3685 secretis
954 3621 1250 3701 „aedibus
1320 3619 1656 3684 residunt“.
1770 3619 1952 3700 (Aen.
2022 3625 2351 3685 457—468
2424 3658 2502 3666 —-
2575 3624 2679 3687 Sil.

499 3720 870 3801 230—245).

663 3821 776 3884 IV.
819 3821 941 3884 Per
968 3843 1277 3905 magnam
1292 3820 1431 3884 libri
1459 3819 1619 3883 XVI
1649 3827 1894 3906 partem
1924 3820 2111 3885 Silius
2138 3821 2391 3886 Livium
2419 3822 2544 3905 (28,
2575 3823 2680 3902 21)

503 3926 748 3983 secutus
820 3919 1171 4004 Scipionem
1241 3921 1419 3986 ludos
1490 3921 1554 3983 in
1627 3922 1822 4006 patris
1892 3920 2189 3986 honorem
2253 3923 2680 3986 instituentem

499 4018 748 4082 inducit.
876 4019 1069 4084 Cuius
1143 4022 1480 4106 spectaculi
1553 4040 1935 4104 quamquam
2007 4023 2317 4106 permulta
2390 4023 2680 4106 exempla

665 4242 702 4306 ¹)
738 4244 891 4304 Quod
928 4244 1086 4295 Silius
1123 4261 1228 4295 non
1264 4249 1461 4295 temere
1498 4243 1744 4294 imitandi
1779 4260 1940 4295 causa
1965 4244 2132 4308 finxit,
2175 4245 2295 4297 vide
2330 4246 2443 4297 Liv.
2480 4244 2562 4311 24,
2596 4244 2678 4299 48.

2283 4342 2346 4395 2*

2302 4459 2344 4488 ,Ι
