<?xml version="1.0" encoding="UTF-8"?>
<!DOCTYPE html PUBLIC "-//W3C//DTD XHTML 1.0 Transitional//EN"
    "http://www.w3.org/TR/xhtml1/DTD/xhtml1-transitional.dtd">
<html xmlns="http://www.w3.org/1999/xhtml" xml:lang="en" lang="en">
 <head>
  <title>
</title>
<meta http-equiv="Content-Type" content="text/html;charset=utf-8" />
  <meta name='ocr-system' content='tesseract 3.04.00' />
  <meta name='ocr-capabilities' content='ocr_page ocr_carea ocr_par ocr_line ocrx_word'/>
</head>
<body>
  <div class='ocr_page' id='page_1' title='image "./quatenussiliusi01groegoog_0014.png"; bbox 0 0 3264 4882; ppageno 0'>
   <div class='ocr_carea' id='block_1_1' title="bbox 1466 332 1879 436">
    <p class='ocr_par' dir='ltr' id='par_1_1' title="bbox 1466 332 1879 436">
     <span class='ocr_line' id='line_1_1' title="bbox 1466 332 1879 436; baseline -0.007 -19"><span class='ocrx_word' id='word_1_1' title='bbox 1466 332 1879 436; x_wconf 26' lang='grc'>*101*</span> 
     </span>
    </p>
   </div>
   <div class='ocr_carea' id='block_1_2' title="bbox 584 553 2762 746">
    <p class='ocr_par' dir='ltr' id='par_1_2' title="bbox 584 553 2762 746">
     <span class='ocr_line' id='line_1_2' title="bbox 586 553 2762 671; baseline -0.003 -47"><span class='ocrx_word' id='word_1_2' title='bbox 586 558 974 645; x_wconf 86' lang='lat' dir='ltr'>superabunt</span> <span class='ocrx_word' id='word_1_3' title='bbox 1006 564 1070 622; x_wconf 89' lang='lat' dir='ltr'>et</span> <span class='ocrx_word' id='word_1_4' title='bbox 1098 577 1362 640; x_wconf 91' lang='lat' dir='ltr'>regnum</span> <span class='ocrx_word' id='word_1_5' title='bbox 1392 555 1556 671; x_wconf 87' lang='lat' dir='ltr'>orbis</span> <span class='ocrx_word' id='word_1_6' title='bbox 1584 560 1893 620; x_wconf 90' lang='lat' dir='ltr'>terrarum</span> <span class='ocrx_word' id='word_1_7' title='bbox 1915 559 2042 639; x_wconf 88' lang='lat' dir='ltr'>per</span> <span class='ocrx_word' id='word_1_8' title='bbox 2076 555 2332 638; x_wconf 91' lang='lat' dir='ltr'>longum</span> <span class='ocrx_word' id='word_1_9' title='bbox 2369 559 2616 640; x_wconf 92' lang='lat' dir='ltr'>tempus</span> <span class='ocrx_word' id='word_1_10' title='bbox 2644 553 2762 618; x_wconf 90' lang='lat' dir='ltr'>sibi</span> 
     </span>
     <span class='ocr_line' id='line_1_3' title="bbox 584 660 928 746; baseline -0.01 -22"><span class='ocrx_word' id='word_1_11' title='bbox 584 660 928 746; x_wconf 88' lang='lat' dir='ltr'>parabunt:</span> 
     </span>
    </p>
   </div>
   <div class='ocr_carea' id='block_1_3' title="bbox 682 820 2410 974">
    <p class='ocr_par' dir='ltr' id='par_1_3' title="bbox 682 820 2410 974">
     <span class='ocr_line' id='line_1_4' title="bbox 682 820 1967 889; baseline -0.005 -11"><span class='ocrx_word' id='word_1_12' title='bbox 682 825 815 878; x_wconf 86' lang='lat' dir='ltr'>Aen.</span> <span class='ocrx_word' id='word_1_13' title='bbox 850 825 878 875; x_wconf 95' lang='lat' dir='ltr'>I</span> <span class='ocrx_word' id='word_1_14' title='bbox 912 820 1039 875; x_wconf 83' lang='grc'><strong>279·</strong></span> <span class='ocrx_word' id='word_1_15' title='bbox 1090 860 1103 873; x_wconf 90' lang='grc'><strong>.</strong></span> <span class='ocrx_word' id='word_1_16' title='bbox 1135 862 1147 875; x_wconf 96' lang='grc'><strong>.</strong></span> <span class='ocrx_word' id='word_1_17' title='bbox 1181 862 1194 875; x_wconf 91' lang='grc'><strong>.</strong></span> <span class='ocrx_word' id='word_1_18' title='bbox 1230 822 1515 889; x_wconf 88' lang='lat' dir='ltr'>imperium</span> <span class='ocrx_word' id='word_1_19' title='bbox 1545 821 1658 873; x_wconf 89' lang='lat' dir='ltr'>sine</span> <span class='ocrx_word' id='word_1_20' title='bbox 1692 821 1795 873; x_wconf 89' lang='lat' dir='ltr'>fine</span> <span class='ocrx_word' id='word_1_21' title='bbox 1830 821 1967 874; x_wconf 89' lang='lat' dir='ltr'>dedi.</span> 
     </span>
     <span class='ocr_line' id='line_1_5' title="bbox 684 903 2410 974; baseline -0.003 -12"><span class='ocrx_word' id='word_1_22' title='bbox 684 909 776 963; x_wconf 90' lang='lat' dir='ltr'>Sil.</span> <span class='ocrx_word' id='word_1_23' title='bbox 806 907 891 958; x_wconf 96' lang='lat' dir='ltr'>III</span> <span class='ocrx_word' id='word_1_24' title='bbox 924 903 1051 959; x_wconf 81' lang='lat'><strong>593:</strong></span> <span class='ocrx_word' id='word_1_25' title='bbox 1084 906 1241 971; x_wconf 91' lang='lat' dir='ltr'>Hinc,</span> <span class='ocrx_word' id='word_1_26' title='bbox 1278 905 1554 970; x_wconf 81' lang='lat' dir='ltr'>Cytherea,</span> <span class='ocrx_word' id='word_1_27' title='bbox 1589 905 1694 956; x_wconf 87' lang='lat' dir='ltr'>tuis</span> <span class='ocrx_word' id='word_1_28' title='bbox 1728 907 1887 974; x_wconf 90' lang='lat' dir='ltr'>longo</span> <span class='ocrx_word' id='word_1_29' title='bbox 1921 905 2227 974; x_wconf 83' lang='lat' dir='ltr'>regnabitur</span> <span class='ocrx_word' id='word_1_30' title='bbox 2263 921 2410 957; x_wconf 86' lang='lat' dir='ltr'>aevo.</span> 
     </span>
    </p>
   </div>
   <div class='ocr_carea' id='block_1_4' title="bbox 749 1055 2762 1141">
    <p class='ocr_par' dir='ltr' id='par_1_4' title="bbox 749 1055 2762 1141">
     <span class='ocr_line' id='line_1_6' title="bbox 749 1055 2762 1141; baseline -0 -21"><span class='ocrx_word' id='word_1_31' title='bbox 749 1056 1059 1141; x_wconf 91' lang='lat' dir='ltr'>Denique,</span> <span class='ocrx_word' id='word_1_32' title='bbox 1128 1061 1198 1119; x_wconf 89' lang='lat' dir='ltr'>ut</span> <span class='ocrx_word' id='word_1_33' title='bbox 1255 1056 1575 1134; x_wconf 86' lang='lat' dir='ltr'>Vergilius</span> <span class='ocrx_word' id='word_1_34' title='bbox 1639 1055 1705 1118; x_wconf 92' lang='lat' dir='ltr'>in</span> <span class='ocrx_word' id='word_1_35' title='bbox 1764 1056 1887 1119; x_wconf 89' lang='lat' dir='ltr'>fine</span> <span class='ocrx_word' id='word_1_36' title='bbox 1950 1055 2245 1119; x_wconf 90' lang='lat' dir='ltr'>orationis</span> <span class='ocrx_word' id='word_1_37' title='bbox 2307 1055 2349 1119; x_wconf 85' lang='lat' dir='ltr'><strong>J</strong></span> <span class='ocrx_word' id='word_1_38' title='bbox 2351 1055 2481 1119; x_wconf 92' lang='lat' dir='ltr'>ovis</span> <span class='ocrx_word' id='word_1_39' title='bbox 2543 1055 2762 1119; x_wconf 90' lang='lat' dir='ltr'>laudes</span> 
     </span>
    </p>
   </div>
   <div class='ocr_carea' id='block_1_5' title="bbox 458 1154 2762 1243">
    <p class='ocr_par' dir='ltr' id='par_1_5' title="bbox 458 1154 2762 1243">
     <span class='ocr_line' id='line_1_7' title="bbox 458 1154 2762 1243; baseline -0.002 -21"><span class='ocrx_word' id='word_1_40' title='bbox 458 1192 461 1193; x_wconf 36' lang='lat'><em>⁷</em></span> <span class='ocrx_word' id='word_1_41' title='bbox 585 1158 790 1243; x_wconf 88' lang='lat' dir='ltr'>gentis</span> <span class='ocrx_word' id='word_1_42' title='bbox 843 1156 1052 1221; x_wconf 84' lang='lat' dir='ltr'>Juliae</span> <span class='ocrx_word' id='word_1_43' title='bbox 1108 1156 1282 1241; x_wconf 91' lang='lat' dir='ltr'>ponit</span> <span class='ocrx_word' id='word_1_44' title='bbox 1335 1154 1416 1235; x_wconf 89' lang='lat' dir='ltr'>(v.</span> <span class='ocrx_word' id='word_1_45' title='bbox 1468 1154 1631 1237; x_wconf 83' lang='lat'>286),</span> <span class='ocrx_word' id='word_1_46' title='bbox 1686 1155 1775 1218; x_wconf 92' lang='lat' dir='ltr'>ita</span> <span class='ocrx_word' id='word_1_47' title='bbox 1830 1154 2017 1218; x_wconf 81' lang='lat' dir='ltr'>Silius</span> <span class='ocrx_word' id='word_1_48' title='bbox 2073 1176 2188 1240; x_wconf 92' lang='lat' dir='ltr'>per</span> <span class='ocrx_word' id='word_1_49' title='bbox 2243 1154 2285 1218; x_wconf 85' lang='lat' dir='ltr'><strong>J</strong></span> <span class='ocrx_word' id='word_1_50' title='bbox 2287 1176 2466 1219; x_wconf 90' lang='lat' dir='ltr'>ovem</span> <span class='ocrx_word' id='word_1_51' title='bbox 2509 1160 2762 1238; x_wconf 84' lang='lat' dir='ltr'>gentem</span> 
     </span>
    </p>
   </div>
   <div class='ocr_carea' id='block_1_6' title="bbox 518 1255 2769 4355">
    <p class='ocr_par' dir='ltr' id='par_1_6' title="bbox 535 1255 2765 2342">
     <span class='ocr_line' id='line_1_8' title="bbox 583 1255 2762 1340; baseline -0.002 -18"><span class='ocrx_word' id='word_1_52' title='bbox 583 1257 871 1322; x_wconf 86' lang='lat' dir='ltr'>Flaviam</span> <span class='ocrx_word' id='word_1_53' title='bbox 942 1256 1216 1320; x_wconf 79' lang='lat' dir='ltr'>celebrat</span> <span class='ocrx_word' id='word_1_54' title='bbox 1277 1257 1666 1339; x_wconf 85' lang='lat' dir='ltr'>virtutesque</span> <span class='ocrx_word' id='word_1_55' title='bbox 1733 1257 1797 1319; x_wconf 91' lang='lat' dir='ltr'>in</span> <span class='ocrx_word' id='word_1_56' title='bbox 1869 1255 2084 1340; x_wconf 91' lang='lat' dir='ltr'>primis</span> <span class='ocrx_word' id='word_1_57' title='bbox 2154 1261 2217 1318; x_wconf 92' lang='lat' dir='ltr'>et</span> <span class='ocrx_word' id='word_1_58' title='bbox 2283 1256 2762 1338; x_wconf 82' lang='lat' dir='ltr'>,exercitationes</span> 
     </span>
     <span class='ocr_line' id='line_1_9' title="bbox 582 1350 2761 1442; baseline -0.001 -21"><span class='ocrx_word' id='word_1_59' title='bbox 582 1356 945 1438; x_wconf 88' lang='lat' dir='ltr'>Domitiani,</span> <span class='ocrx_word' id='word_1_60' title='bbox 1015 1357 1192 1420; x_wconf 90' lang='lat' dir='ltr'>cuius</span> <span class='ocrx_word' id='word_1_61' title='bbox 1263 1358 1411 1420; x_wconf 73' lang='lat' dir='ltr'>sub&#39;</span> <span class='ocrx_word' id='word_1_62' title='bbox 1446 1356 1707 1442; x_wconf 91' lang='lat' dir='ltr'>imperio</span> <span class='ocrx_word' id='word_1_63' title='bbox 1776 1356 2210 1419; x_wconf 91' lang='lat' dir='ltr'>honestissimo</span> <span class='ocrx_word' id='word_1_64' title='bbox 2282 1350 2404 1419; x_wconf 90' lang='lat' dir='ltr'>otio</span> <span class='ocrx_word' id='word_1_65' title='bbox 2473 1355 2538 1418; x_wconf 94' lang='lat' dir='ltr'>in</span> <span class='ocrx_word' id='word_1_66' title='bbox 2608 1376 2761 1439; x_wconf 90' lang='lat' dir='ltr'>agro</span> 
     </span>
     <span class='ocr_line' id='line_1_10' title="bbox 584 1453 2762 1543; baseline -0.001 -22"><span class='ocrx_word' id='word_1_67' title='bbox 584 1456 1001 1541; x_wconf 90' lang='lat' dir='ltr'>Neapolitano</span> <span class='ocrx_word' id='word_1_68' title='bbox 1042 1478 1191 1520; x_wconf 91' lang='lat' dir='ltr'>usus</span> <span class='ocrx_word' id='word_1_69' title='bbox 1235 1463 1346 1538; x_wconf 91' lang='lat' dir='ltr'>est,</span> <span class='ocrx_word' id='word_1_70' title='bbox 1403 1457 1660 1521; x_wconf 91' lang='lat' dir='ltr'>summis</span> <span class='ocrx_word' id='word_1_71' title='bbox 1715 1456 2004 1520; x_wconf 80' lang='lat' dir='ltr'>laudibus</span> <span class='ocrx_word' id='word_1_72' title='bbox 2048 1455 2229 1519; x_wconf 86' lang='lat' dir='ltr'>effert</span> <span class='ocrx_word' id='word_1_73' title='bbox 2269 1453 2350 1534; x_wconf 90' lang='lat' dir='ltr'>(v.</span> <span class='ocrx_word' id='word_1_74' title='bbox 2393 1455 2762 1543; x_wconf 82' lang='lat'>594—629).</span> 
     </span>
     <span class='ocr_line' id='line_1_11' title="bbox 585 1554 2763 1637; baseline -0.001 -17"><span class='ocrx_word' id='word_1_75' title='bbox 585 1556 768 1630; x_wconf 80' lang='lat' dir='ltr'>Quod</span> <span class='ocrx_word' id='word_1_76' title='bbox 823 1562 1033 1620; x_wconf 88' lang='lat' dir='ltr'>autem</span> <span class='ocrx_word' id='word_1_77' title='bbox 1075 1555 1402 1620; x_wconf 89' lang='lat' dir='ltr'>Ernestius</span> <span class='ocrx_word' id='word_1_78' title='bbox 1457 1556 1607 1621; x_wconf 93' lang='lat' dir='ltr'>Silio</span> <span class='ocrx_word' id='word_1_79' title='bbox 1664 1556 1870 1637; x_wconf 92' lang='lat' dir='ltr'>obicit,</span> <span class='ocrx_word' id='word_1_80' title='bbox 1927 1577 2071 1619; x_wconf 90' lang='lat' dir='ltr'>eum</span> <span class='ocrx_word' id='word_1_81' title='bbox 2126 1554 2395 1618; x_wconf 82' lang='lat' dir='ltr'>absurde</span> <span class='ocrx_word' id='word_1_82' title='bbox 2451 1555 2656 1637; x_wconf 88' lang='lat' dir='ltr'>egisse</span> <span class='ocrx_word' id='word_1_83' title='bbox 2699 1561 2763 1619; x_wconf 89' lang='lat' dir='ltr'>et</span> 
     </span>
     <span class='ocr_line' id='line_1_12' title="bbox 583 1628 2762 1739; baseline -0.001 -20"><span class='ocrx_word' id='word_1_84' title='bbox 583 1656 945 1720; x_wconf 89' lang='lat' dir='ltr'>imitationis</span> <span class='ocrx_word' id='word_1_85' title='bbox 1012 1657 1331 1722; x_wconf 87' lang='lat' dir='ltr'>libidinem</span> <span class='ocrx_word' id='word_1_86' title='bbox 1394 1658 1526 1721; x_wconf 92' lang='lat' dir='ltr'>sine</span> <span class='ocrx_word' id='word_1_87' title='bbox 1586 1656 1815 1721; x_wconf 91' lang='lat' dir='ltr'>iudicio</span> <span class='ocrx_word' id='word_1_88' title='bbox 1877 1656 2098 1720; x_wconf 92' lang='lat' dir='ltr'>idoneo</span> <span class='ocrx_word' id='word_1_89' title='bbox 2168 1628 2535 1739; x_wconf 78' lang='lat' dir='ltr'>explevisse,</span> <span class='ocrx_word' id='word_1_90' title='bbox 2597 1654 2762 1736; x_wconf 91' lang='lat' dir='ltr'>quod</span> 
     </span>
     <span class='ocr_line' id='line_1_13' title="bbox 582 1752 2763 1841; baseline -0.001 -21"><span class='ocrx_word' id='word_1_91' title='bbox 582 1756 624 1820; x_wconf 86' lang='lat' dir='ltr'><strong>J</strong></span> <span class='ocrx_word' id='word_1_92' title='bbox 627 1778 805 1820; x_wconf 92' lang='lat' dir='ltr'>ovem</span> <span class='ocrx_word' id='word_1_93' title='bbox 858 1756 1203 1820; x_wconf 91' lang='lat' dir='ltr'>Domitiani</span> <span class='ocrx_word' id='word_1_94' title='bbox 1255 1756 1460 1821; x_wconf 89' lang='lat' dir='ltr'>laudis</span> <span class='ocrx_word' id='word_1_95' title='bbox 1523 1777 1896 1841; x_wconf 84' lang='lat' dir='ltr'>praeconem</span> <span class='ocrx_word' id='word_1_96' title='bbox 1954 1755 2189 1836; x_wconf 90' lang='lat' dir='ltr'>fecerit,</span> <span class='ocrx_word' id='word_1_97' title='bbox 2243 1755 2409 1818; x_wconf 92' lang='lat' dir='ltr'>hunc</span> <span class='ocrx_word' id='word_1_98' title='bbox 2462 1752 2763 1818; x_wconf 90' lang='lat' dir='ltr'>Aeneidis</span> 
     </span>
     <span class='ocr_line' id='line_1_14' title="bbox 582 1854 2761 1940; baseline -0.002 -19"><span class='ocrx_word' id='word_1_99' title='bbox 582 1859 787 1921; x_wconf 90' lang='lat' dir='ltr'>locum</span> <span class='ocrx_word' id='word_1_100' title='bbox 830 1856 1188 1940; x_wconf 85' lang='lat' dir='ltr'>neglexisse</span> <span class='ocrx_word' id='word_1_101' title='bbox 1230 1856 1492 1937; x_wconf 90' lang='lat' dir='ltr'>videtur,</span> <span class='ocrx_word' id='word_1_102' title='bbox 1532 1856 1643 1920; x_wconf 90' lang='lat' dir='ltr'>ubi</span> <span class='ocrx_word' id='word_1_103' title='bbox 1679 1855 1996 1935; x_wconf 89' lang='lat' dir='ltr'>Vergilius</span> <span class='ocrx_word' id='word_1_104' title='bbox 2040 1856 2321 1919; x_wconf 90' lang='lat' dir='ltr'>similiter</span> <span class='ocrx_word' id='word_1_105' title='bbox 2364 1855 2515 1939; x_wconf 88' lang='lat' dir='ltr'>agit.</span> <span class='ocrx_word' id='word_1_106' title='bbox 2597 1854 2761 1918; x_wconf 88' lang='lat' dir='ltr'>Nam</span> 
     </span>
     <span class='ocr_line' id='line_1_15' title="bbox 585 1954 2763 2021; baseline -0.001 0"><span class='ocrx_word' id='word_1_107' title='bbox 585 1957 665 2021; x_wconf 89' lang='lat' dir='ltr'>ab</span> <span class='ocrx_word' id='word_1_108' title='bbox 711 1978 784 2020; x_wconf 92' lang='lat' dir='ltr'>eo</span> <span class='ocrx_word' id='word_1_109' title='bbox 826 1978 950 2020; x_wconf 92' lang='lat' dir='ltr'>non</span> <span class='ocrx_word' id='word_1_110' title='bbox 990 1963 1161 2021; x_wconf 93' lang='lat' dir='ltr'>recte</span> <span class='ocrx_word' id='word_1_111' title='bbox 1203 1978 1344 2020; x_wconf 93' lang='lat' dir='ltr'>cum</span> <span class='ocrx_word' id='word_1_112' title='bbox 1375 1956 1609 2020; x_wconf 92' lang='lat' dir='ltr'>Siliano</span> <span class='ocrx_word' id='word_1_113' title='bbox 1651 1957 1786 2021; x_wconf 88' lang='lat' dir='ltr'>loco</span> <span class='ocrx_word' id='word_1_114' title='bbox 1814 1955 2112 2019; x_wconf 91' lang='lat' dir='ltr'>Aeneidis</span> <span class='ocrx_word' id='word_1_115' title='bbox 2138 1954 2235 2018; x_wconf 91' lang='lat' dir='ltr'>VI</span> <span class='ocrx_word' id='word_1_116' title='bbox 2269 1958 2386 2019; x_wconf 80' lang='lat'>756</span> <span class='ocrx_word' id='word_1_117' title='bbox 2420 1954 2482 2018; x_wconf 90' lang='lat' dir='ltr'>ff.</span> <span class='ocrx_word' id='word_1_118' title='bbox 2518 1960 2763 2019; x_wconf 90' lang='lat' dir='ltr'>tantum</span> 
     </span>
     <span class='ocr_line' id='line_1_16' title="bbox 584 2054 2763 2143; baseline -0.001 -22"><span class='ocrx_word' id='word_1_119' title='bbox 584 2063 996 2143; x_wconf 91' lang='lat' dir='ltr'>comparatur,</span> <span class='ocrx_word' id='word_1_120' title='bbox 1036 2057 1203 2120; x_wconf 92' lang='lat' dir='ltr'>unde</span> <span class='ocrx_word' id='word_1_121' title='bbox 1246 2077 1627 2142; x_wconf 88' lang='lat' dir='ltr'>quamquam</span> <span class='ocrx_word' id='word_1_122' title='bbox 1649 2102 1652 2103; x_wconf 20' lang='grc' dir='ltr'><em>ν</em></span> <span class='ocrx_word' id='word_1_123' title='bbox 1678 2077 1800 2119; x_wconf 90' lang='grc'>11011</span> <span class='ocrx_word' id='word_1_124' title='bbox 1843 2056 2017 2119; x_wconf 92' lang='lat' dir='ltr'>nulla</span> <span class='ocrx_word' id='word_1_125' title='bbox 2058 2055 2123 2118; x_wconf 91' lang='lat' dir='ltr'>in</span> <span class='ocrx_word' id='word_1_126' title='bbox 2162 2054 2403 2118; x_wconf 90' lang='lat' dir='ltr'>Punica</span> <span class='ocrx_word' id='word_1_127' title='bbox 2444 2055 2763 2119; x_wconf 90' lang='lat' dir='ltr'>transiisse</span> 
     </span>
     <span class='ocr_line' id='line_1_17' title="bbox 535 2155 2765 2242; baseline -0.002 -18"><span class='ocrx_word' id='word_1_128' title='bbox 535 2209 538 2212; x_wconf 79' lang='lat'>-</span> <span class='ocrx_word' id='word_1_129' title='bbox 583 2180 709 2224; x_wconf 88' lang='lat' dir='ltr'>non</span> <span class='ocrx_word' id='word_1_130' title='bbox 750 2179 932 2242; x_wconf 91' lang='lat' dir='ltr'>nego,</span> <span class='ocrx_word' id='word_1_131' title='bbox 977 2164 1186 2240; x_wconf 88' lang='lat' dir='ltr'>tamen</span> <span class='ocrx_word' id='word_1_132' title='bbox 1231 2157 1396 2240; x_wconf 91' lang='lat' dir='ltr'>quod</span> <span class='ocrx_word' id='word_1_133' title='bbox 1430 2156 1511 2220; x_wconf 91' lang='lat' dir='ltr'>ad</span> <span class='ocrx_word' id='word_1_134' title='bbox 1541 2156 2000 2242; x_wconf 83' lang='lat' dir='ltr'>compositionis</span> <span class='ocrx_word' id='word_1_135' title='bbox 2042 2161 2243 2219; x_wconf 91' lang='lat' dir='ltr'>artem</span> <span class='ocrx_word' id='word_1_136' title='bbox 2272 2155 2560 2237; x_wconf 86' lang='lat' dir='ltr'>pertinet,</span> <span class='ocrx_word' id='word_1_137' title='bbox 2604 2155 2765 2219; x_wconf 89' lang='lat' dir='ltr'>alter</span> 
     </span>
     <span class='ocr_line' id='line_1_18' title="bbox 583 2255 2382 2342; baseline -0.003 -20"><span class='ocrx_word' id='word_1_138' title='bbox 583 2257 852 2342; x_wconf 83' lang='lat' dir='ltr'>Vergilii</span> <span class='ocrx_word' id='word_1_139' title='bbox 895 2258 1085 2338; x_wconf 88' lang='grc'>100110,</span> <span class='ocrx_word' id='word_1_140' title='bbox 1128 2279 1313 2342; x_wconf 93' lang='lat' dir='ltr'>quem</span> <span class='ocrx_word' id='word_1_141' title='bbox 1357 2257 1558 2338; x_wconf 88' lang='lat' dir='ltr'>citavi,</span> <span class='ocrx_word' id='word_1_142' title='bbox 1601 2256 1836 2319; x_wconf 93' lang='lat' dir='ltr'>Siliano</span> <span class='ocrx_word' id='word_1_143' title='bbox 1880 2255 2227 2318; x_wconf 90' lang='lat' dir='ltr'>simillimus</span> <span class='ocrx_word' id='word_1_144' title='bbox 2272 2261 2382 2319; x_wconf 92' lang='lat' dir='ltr'>est.</span> 
     </span>
    </p>

    <p class='ocr_par' dir='ltr' id='par_1_7' title="bbox 518 2354 2769 4355">
     <span class='ocr_line' id='line_1_19' title="bbox 750 2354 2764 2439; baseline -0.001 -19"><span class='ocrx_word' id='word_1_145' title='bbox 750 2357 878 2431; x_wconf 62' lang='lat' dir='ltr'>IV„</span> <span class='ocrx_word' id='word_1_146' title='bbox 908 2358 1066 2422; x_wconf 83' lang='lat' dir='ltr'>Cum</span> <span class='ocrx_word' id='word_1_147' title='bbox 1108 2380 1208 2422; x_wconf 96' lang='lat' dir='ltr'>res</span> <span class='ocrx_word' id='word_1_148' title='bbox 1251 2359 1378 2421; x_wconf 93' lang='lat' dir='ltr'>iam</span> <span class='ocrx_word' id='word_1_149' title='bbox 1419 2358 1485 2420; x_wconf 88' lang='lat' dir='ltr'>in</span> <span class='ocrx_word' id='word_1_150' title='bbox 1536 2374 1609 2421; x_wconf 86' lang='lat' dir='ltr'>eo</span> <span class='ocrx_word' id='word_1_151' title='bbox 1654 2356 1793 2435; x_wconf 91' lang='lat' dir='ltr'>sint,</span> <span class='ocrx_word' id='word_1_152' title='bbox 1835 2361 1906 2418; x_wconf 93' lang='grc'>111</span> <span class='ocrx_word' id='word_1_153' title='bbox 1949 2355 2303 2438; x_wconf 80' lang='lat' dir='ltr'>Saguntum</span> <span class='ocrx_word' id='word_1_154' title='bbox 2352 2375 2466 2439; x_wconf 91' lang='lat' dir='ltr'>per</span> <span class='ocrx_word' id='word_1_155' title='bbox 2506 2354 2764 2437; x_wconf 90' lang='lat' dir='ltr'>longum</span> 
     </span>
     <span class='ocr_line' id='line_1_20' title="bbox 584 2445 2765 2544; baseline -0.003 -21"><span class='ocrx_word' id='word_1_156' title='bbox 584 2465 835 2543; x_wconf 91' lang='lat' dir='ltr'>tempus</span> <span class='ocrx_word' id='word_1_157' title='bbox 903 2465 1334 2544; x_wconf 84' lang='lat' dir='ltr'>oppugnatum</span> <span class='ocrx_word' id='word_1_158' title='bbox 1397 2445 1713 2542; x_wconf 27' lang='lat' dir='ltr'>fameque*</span> <span class='ocrx_word' id='word_1_159' title='bbox 1760 2462 2061 2520; x_wconf 87' lang='lat' dir='ltr'>vexatum</span> <span class='ocrx_word' id='word_1_160' title='bbox 2133 2454 2364 2518; x_wconf 88' lang='lat' dir='ltr'>diutius</span> <span class='ocrx_word' id='word_1_161' title='bbox 2438 2476 2477 2518; x_wconf 92' lang='lat' dir='ltr'>a</span> <span class='ocrx_word' id='word_1_162' title='bbox 2519 2454 2765 2534; x_wconf 43' lang='lat' dir='ltr'>‚Poenis</span> 
     </span>
     <span class='ocr_line' id='line_1_21' title="bbox 582 2551 2765 2644; baseline -0.002 -21"><span class='ocrx_word' id='word_1_163' title='bbox 582 2559 836 2624; x_wconf 88' lang='lat' dir='ltr'>defendi</span> <span class='ocrx_word' id='word_1_164' title='bbox 863 2581 988 2623; x_wconf 91' lang='lat' dir='ltr'>non</span> <span class='ocrx_word' id='word_1_165' title='bbox 1018 2560 1233 2644; x_wconf 84' lang='lat' dir='ltr'>possit,</span> <span class='ocrx_word' id='word_1_166' title='bbox 1264 2558 1601 2644; x_wconf 87' lang='lat' dir='ltr'>Tisiphone</span> <span class='ocrx_word' id='word_1_167' title='bbox 1632 2579 1671 2620; x_wconf 98' lang='lat' dir='ltr'>a</span> <span class='ocrx_word' id='word_1_168' title='bbox 1698 2556 1740 2620; x_wconf 85' lang='lat' dir='ltr'><strong>J</strong></span> <span class='ocrx_word' id='word_1_169' title='bbox 1742 2578 1946 2620; x_wconf 92' lang='lat' dir='ltr'>unone</span> <span class='ocrx_word' id='word_1_170' title='bbox 1978 2556 2261 2635; x_wconf 91' lang='lat' dir='ltr'>mittitur,</span> <span class='ocrx_word' id='word_1_171' title='bbox 2287 2559 2358 2618; x_wconf 90' lang='lat' dir='ltr'>ut</span> <span class='ocrx_word' id='word_1_172' title='bbox 2381 2551 2765 2637; x_wconf 63' lang='lat' dir='ltr'>&#39;Saguntinos</span> 
     </span>
     <span class='ocr_line' id='line_1_22' title="bbox 582 2651 2765 2745; baseline -0.002 -21"><span class='ocrx_word' id='word_1_173' title='bbox 582 2660 989 2745; x_wconf 88' lang='lat' dir='ltr'>desperantes</span> <span class='ocrx_word' id='word_1_174' title='bbox 1051 2659 1133 2724; x_wconf 91' lang='lat' dir='ltr'>ad</span> <span class='ocrx_word' id='word_1_175' title='bbox 1197 2659 1520 2723; x_wconf 89' lang='lat' dir='ltr'>consilium</span> <span class='ocrx_word' id='word_1_176' title='bbox 1581 2657 1815 2721; x_wconf 89' lang='lat' dir='ltr'>excitet</span> <span class='ocrx_word' id='word_1_177' title='bbox 1869 2656 2085 2720; x_wconf 88' lang='lat' dir='ltr'>mortis</span> <span class='ocrx_word' id='word_1_178' title='bbox 2148 2655 2266 2719; x_wconf 90' lang='lat' dir='ltr'>sibi</span> <span class='ocrx_word' id='word_1_179' title='bbox 2328 2651 2765 2719; x_wconf 84' lang='lat' dir='ltr'>consiscendae</span> 
     </span>
     <span class='ocr_line' id='line_1_23' title="bbox 582 2755 2765 2841; baseline -0.003 -17"><span class='ocrx_word' id='word_1_180' title='bbox 582 2761 674 2841; x_wconf 92' lang='lat' dir='ltr'>(II</span> <span class='ocrx_word' id='word_1_181' title='bbox 737 2760 899 2840; x_wconf 83' lang='lat'>553).</span> <span class='ocrx_word' id='word_1_182' title='bbox 1014 2759 1195 2833; x_wconf 83' lang='lat' dir='ltr'>Quod</span> <span class='ocrx_word' id='word_1_183' title='bbox 1256 2765 1327 2822; x_wconf 91' lang='lat' dir='ltr'>ut</span> <span class='ocrx_word' id='word_1_184' title='bbox 1395 2757 1638 2821; x_wconf 88' lang='lat' dir='ltr'>facilius</span> <span class='ocrx_word' id='word_1_185' title='bbox 1710 2755 1959 2838; x_wconf 88' lang='lat' dir='ltr'>efficiat,</span> <span class='ocrx_word' id='word_1_186' title='bbox 2028 2756 2223 2820; x_wconf 86' lang='lat' dir='ltr'>Furia</span> <span class='ocrx_word' id='word_1_187' title='bbox 2300 2778 2367 2820; x_wconf 91' lang='lat' dir='ltr'>se</span> <span class='ocrx_word' id='word_1_188' title='bbox 2438 2761 2641 2819; x_wconf 88' lang='lat' dir='ltr'>mutat</span> <span class='ocrx_word' id='word_1_189' title='bbox 2699 2756 2765 2819; x_wconf 94' lang='lat' dir='ltr'>in</span> 
     </span>
     <span class='ocr_line' id='line_1_24' title="bbox 526 2856 2765 2940; baseline -0.002 -16"><span class='ocrx_word' id='word_1_190' title='bbox 526 2869 527 2872; x_wconf 75' lang='grc'>’</span> <span class='ocrx_word' id='word_1_191' title='bbox 585 2860 902 2925; x_wconf 85' lang='lat' dir='ltr'>Tiburnae</span> <span class='ocrx_word' id='word_1_192' title='bbox 957 2859 1199 2940; x_wconf 87' lang='lat' dir='ltr'>faciem,</span> <span class='ocrx_word' id='word_1_193' title='bbox 1264 2859 1478 2922; x_wconf 89' lang='lat' dir='ltr'>uxoris</span> <span class='ocrx_word' id='word_1_194' title='bbox 1498 2861 1505 2864; x_wconf 78' lang='grc'>’</span> <span class='ocrx_word' id='word_1_195' title='bbox 1529 2857 1746 2939; x_wconf 88' lang='lat' dir='ltr'>Murri,</span> <span class='ocrx_word' id='word_1_196' title='bbox 1802 2857 1977 2920; x_wconf 91' lang='lat' dir='ltr'>ducis</span> <span class='ocrx_word' id='word_1_197' title='bbox 2032 2856 2112 2920; x_wconf 89' lang='lat' dir='ltr'>ab</span> <span class='ocrx_word' id='word_1_198' title='bbox 2167 2856 2527 2921; x_wconf 89' lang='lat' dir='ltr'>Hannibale</span> <span class='ocrx_word' id='word_1_199' title='bbox 2582 2857 2765 2920; x_wconf 88' lang='lat' dir='ltr'>caesi.</span> 
     </span>
     <span class='ocr_line' id='line_1_25' title="bbox 584 2956 2766 3043; baseline -0.002 -20"><span class='ocrx_word' id='word_1_200' title='bbox 584 2959 766 3034; x_wconf 82' lang='lat' dir='ltr'>Quod</span> <span class='ocrx_word' id='word_1_201' title='bbox 809 2959 998 3023; x_wconf 83' lang='lat' dir='ltr'>Silius</span> <span class='ocrx_word' id='word_1_202' title='bbox 1038 2961 1156 3024; x_wconf 92' lang='lat' dir='ltr'>hoc</span> <span class='ocrx_word' id='word_1_203' title='bbox 1197 2958 1382 3023; x_wconf 93' lang='lat' dir='ltr'>modo</span> <span class='ocrx_word' id='word_1_204' title='bbox 1426 2980 1518 3038; x_wconf 91' lang='lat' dir='ltr'>ea,</span> <span class='ocrx_word' id='word_1_205' title='bbox 1572 2977 1737 3040; x_wconf 91' lang='lat' dir='ltr'>quae</span> <span class='ocrx_word' id='word_1_206' title='bbox 1792 2958 2325 3043; x_wconf 84' lang='lat' dir='ltr'>expugnationem</span> <span class='ocrx_word' id='word_1_207' title='bbox 2365 2956 2766 3042; x_wconf 88' lang='lat' dir='ltr'>praecedunt,</span> 
     </span>
     <span class='ocr_line' id='line_1_26' title="bbox 584 3044 2765 3141; baseline -0.001 -18"><span class='ocrx_word' id='word_1_208' title='bbox 584 3059 826 3123; x_wconf 88' lang='lat' dir='ltr'>ornavit</span> <span class='ocrx_word' id='word_1_209' title='bbox 867 3044 1274 3141; x_wconf 80' lang='lat' dir='ltr'>instituitque,</span> <span class='ocrx_word' id='word_1_210' title='bbox 1305 3058 1588 3141; x_wconf 89' lang='lat' dir='ltr'>Vergilio</span> <span class='ocrx_word' id='word_1_211' title='bbox 1630 3057 1860 3123; x_wconf 90' lang='lat' dir='ltr'>debere</span> <span class='ocrx_word' id='word_1_212' title='bbox 1902 3058 2165 3136; x_wconf 86' lang='lat' dir='ltr'>videtur,</span> <span class='ocrx_word' id='word_1_213' title='bbox 2206 3058 2329 3141; x_wconf 91' lang='lat' dir='ltr'>qui,</span> <span class='ocrx_word' id='word_1_214' title='bbox 2370 3064 2441 3121; x_wconf 90' lang='lat' dir='ltr'>ut</span> <span class='ocrx_word' id='word_1_215' title='bbox 2482 3058 2765 3121; x_wconf 91' lang='lat' dir='ltr'>Turnum</span> 
     </span>
     <span class='ocr_line' id='line_1_27' title="bbox 585 3157 2763 3240; baseline -0.001 -17"><span class='ocrx_word' id='word_1_216' title='bbox 585 3159 666 3223; x_wconf 89' lang='lat' dir='ltr'>ad</span> <span class='ocrx_word' id='word_1_217' title='bbox 721 3160 955 3224; x_wconf 91' lang='lat' dir='ltr'>bellum</span> <span class='ocrx_word' id='word_1_218' title='bbox 1009 3182 1151 3224; x_wconf 91' lang='lat' dir='ltr'>cum</span> <span class='ocrx_word' id='word_1_219' title='bbox 1194 3159 1478 3223; x_wconf 87' lang='lat' dir='ltr'>Troianis</span> <span class='ocrx_word' id='word_1_220' title='bbox 1530 3159 1856 3240; x_wconf 89' lang='lat' dir='ltr'>laccessat,</span> <span class='ocrx_word' id='word_1_221' title='bbox 1898 3157 2211 3222; x_wconf 85' lang='lat' dir='ltr'>Junonem</span> <span class='ocrx_word' id='word_1_222' title='bbox 2253 3158 2444 3222; x_wconf 88' lang='lat' dir='ltr'>aliam</span> <span class='ocrx_word' id='word_1_223' title='bbox 2484 3157 2763 3239; x_wconf 86' lang='lat' dir='ltr'>Furiam,</span> 
     </span>
     <span class='ocr_line' id='line_1_28' title="bbox 585 3257 2769 3345; baseline -0.001 -21"><span class='ocrx_word' id='word_1_224' title='bbox 585 3258 849 3341; x_wconf 76' lang='lat' dir='ltr'>Allecto,</span> <span class='ocrx_word' id='word_1_225' title='bbox 892 3261 958 3324; x_wconf 91' lang='lat' dir='ltr'>in</span> <span class='ocrx_word' id='word_1_226' title='bbox 1001 3260 1330 3345; x_wconf 84' lang='lat' dir='ltr'>Chalyben</span> <span class='ocrx_word' id='word_1_227' title='bbox 1389 3259 1775 3324; x_wconf 87' lang='lat' dir='ltr'>sacerdotem</span> <span class='ocrx_word' id='word_1_228' title='bbox 1832 3258 2140 3321; x_wconf 82' lang='lat' dir='ltr'>mutatam</span> <span class='ocrx_word' id='word_1_229' title='bbox 2195 3259 2545 3321; x_wconf 89' lang='lat' dir='ltr'>mittentem</span> <span class='ocrx_word' id='word_1_230' title='bbox 2585 3257 2769 3341; x_wconf 87' lang='lat' dir='ltr'>fingit</span> 
     </span>
     <span class='ocr_line' id='line_1_29' title="bbox 584 3357 2763 3444; baseline -0.001 -22"><span class='ocrx_word' id='word_1_231' title='bbox 584 3359 766 3440; x_wconf 88' lang='lat' dir='ltr'>(Aen.</span> <span class='ocrx_word' id='word_1_232' title='bbox 819 3359 949 3423; x_wconf 88' lang='lat' dir='ltr'>VII</span> <span class='ocrx_word' id='word_1_233' title='bbox 1005 3362 1125 3424; x_wconf 85' lang='lat'>415</span> <span class='ocrx_word' id='word_1_234' title='bbox 1182 3359 1269 3440; x_wconf 88' lang='lat' dir='ltr'>ff.)</span> <span class='ocrx_word' id='word_1_235' title='bbox 1366 3359 1505 3423; x_wconf 96' lang='lat' dir='ltr'>Hoc</span> <span class='ocrx_word' id='word_1_236' title='bbox 1566 3360 1632 3422; x_wconf 91' lang='lat' dir='ltr'>in</span> <span class='ocrx_word' id='word_1_237' title='bbox 1694 3360 1827 3423; x_wconf 94' lang='grc'>1000</span> <span class='ocrx_word' id='word_1_238' title='bbox 1883 3358 2265 3444; x_wconf 91' lang='lat' dir='ltr'>disponendo</span> <span class='ocrx_word' id='word_1_239' title='bbox 2321 3357 2510 3421; x_wconf 83' lang='lat' dir='ltr'>Silius</span> <span class='ocrx_word' id='word_1_240' title='bbox 2572 3357 2763 3421; x_wconf 91' lang='lat' dir='ltr'>aliam</span> 
     </span>
     <span class='ocr_line' id='line_1_30' title="bbox 585 3456 2763 3546; baseline -0.001 -23"><span class='ocrx_word' id='word_1_241' title='bbox 585 3479 832 3545; x_wconf 91' lang='lat' dir='ltr'>quoque</span> <span class='ocrx_word' id='word_1_242' title='bbox 886 3459 1184 3526; x_wconf 87' lang='lat' dir='ltr'>Aeneidis</span> <span class='ocrx_word' id='word_1_243' title='bbox 1251 3467 1495 3546; x_wconf 86' lang='lat' dir='ltr'>partem</span> <span class='ocrx_word' id='word_1_244' title='bbox 1557 3460 1623 3523; x_wconf 94' lang='lat' dir='ltr'>in</span> <span class='ocrx_word' id='word_1_245' title='bbox 1676 3481 1861 3523; x_wconf 91' lang='lat' dir='ltr'>usum</span> <span class='ocrx_word' id='word_1_246' title='bbox 1919 3459 2195 3523; x_wconf 89' lang='lat' dir='ltr'>vocavit:</span> <span class='ocrx_word' id='word_1_247' title='bbox 2279 3456 2530 3521; x_wconf 86' lang='lat' dir='ltr'>Etenim</span> <span class='ocrx_word' id='word_1_248' title='bbox 2597 3463 2763 3544; x_wconf 91' lang='lat' dir='ltr'>post-</span> 
     </span>
     <span class='ocr_line' id='line_1_31' title="bbox 518 3558 2762 3645; baseline -0.001 -22"><span class='ocrx_word' id='word_1_249' title='bbox 518 3606 525 3614; x_wconf 77' lang='lat'>.</span> <span class='ocrx_word' id='word_1_250' title='bbox 584 3582 774 3645; x_wconf 91' lang='lat' dir='ltr'>quam</span> <span class='ocrx_word' id='word_1_251' title='bbox 817 3562 1158 3645; x_wconf 91' lang='lat' dir='ltr'>Tisiphone</span> <span class='ocrx_word' id='word_1_252' title='bbox 1201 3561 1564 3645; x_wconf 89' lang='lat' dir='ltr'>Saguntinis</span> <span class='ocrx_word' id='word_1_253' title='bbox 1619 3560 1700 3623; x_wconf 89' lang='lat' dir='ltr'>ad</span> <span class='ocrx_word' id='word_1_254' title='bbox 1756 3560 2255 3644; x_wconf 89' lang='lat' dir='ltr'>desperationem</span> <span class='ocrx_word' id='word_1_255' title='bbox 2297 3558 2582 3622; x_wconf 91' lang='lat' dir='ltr'>adductis</span> <span class='ocrx_word' id='word_1_256' title='bbox 2624 3580 2762 3644; x_wconf 90' lang='lat' dir='ltr'>per-</span> 
     </span>
     <span class='ocr_line' id='line_1_32' title="bbox 584 3658 2763 3746; baseline -0.002 -21"><span class='ocrx_word' id='word_1_257' title='bbox 584 3663 799 3743; x_wconf 90' lang='lat' dir='ltr'>suasit,</span> <span class='ocrx_word' id='word_1_258' title='bbox 854 3668 925 3726; x_wconf 90' lang='lat' dir='ltr'>ut</span> <span class='ocrx_word' id='word_1_259' title='bbox 979 3663 1100 3746; x_wconf 91' lang='lat' dir='ltr'>ipsi</span> <span class='ocrx_word' id='word_1_260' title='bbox 1156 3683 1221 3726; x_wconf 89' lang='grc'>00</span> <span class='ocrx_word' id='word_1_261' title='bbox 1277 3666 1590 3742; x_wconf 88' lang='lat' dir='ltr'>necarent,</span> <span class='ocrx_word' id='word_1_262' title='bbox 1643 3682 1723 3724; x_wconf 94' lang='lat' dir='ltr'>ne</span> <span class='ocrx_word' id='word_1_263' title='bbox 1766 3661 1830 3724; x_wconf 94' lang='lat' dir='ltr'>in</span> <span class='ocrx_word' id='word_1_264' title='bbox 1874 3660 2235 3724; x_wconf 89' lang='lat' dir='ltr'>servitutem</span> <span class='ocrx_word' id='word_1_265' title='bbox 2291 3658 2763 3739; x_wconf 90' lang='lat' dir='ltr'>abducerentur,</span> 
     </span>
     <span class='ocr_line' id='line_1_33' title="bbox 584 3759 2761 3848; baseline -0.002 -22"><span class='ocrx_word' id='word_1_266' title='bbox 584 3762 808 3843; x_wconf 91' lang='lat' dir='ltr'>omine,</span> <span class='ocrx_word' id='word_1_267' title='bbox 866 3784 1029 3848; x_wconf 91' lang='lat' dir='ltr'>quae</span> <span class='ocrx_word' id='word_1_268' title='bbox 1085 3767 1385 3844; x_wconf 90' lang='lat' dir='ltr'>suaserat,</span> <span class='ocrx_word' id='word_1_269' title='bbox 1440 3760 1667 3824; x_wconf 89' lang='lat' dir='ltr'>sanciri</span> <span class='ocrx_word' id='word_1_270' title='bbox 1718 3760 2024 3839; x_wconf 88' lang='lat' dir='ltr'>videntur,</span> <span class='ocrx_word' id='word_1_271' title='bbox 2078 3765 2367 3841; x_wconf 91' lang='lat' dir='ltr'>serpente</span> <span class='ocrx_word' id='word_1_272' title='bbox 2425 3781 2459 3823; x_wconf 95' lang='lat' dir='ltr'>e</span> <span class='ocrx_word' id='word_1_273' title='bbox 2522 3759 2761 3822; x_wconf 92' lang='lat' dir='ltr'>tumulo</span> 
     </span>
     <span class='ocr_line' id='line_1_34' title="bbox 581 3855 2765 3948; baseline -0.002 -23"><span class='ocrx_word' id='word_1_274' title='bbox 581 3860 892 3944; x_wconf 91' lang='lat' dir='ltr'>Herculis,</span> <span class='ocrx_word' id='word_1_275' title='bbox 955 3863 1440 3948; x_wconf 90' lang='lat' dir='ltr'>Saguntinorum</span> <span class='ocrx_word' id='word_1_276' title='bbox 1501 3861 1768 3946; x_wconf 89' lang='lat' dir='ltr'>patroni,</span> <span class='ocrx_word' id='word_1_277' title='bbox 1832 3865 2272 3945; x_wconf 89' lang='lat' dir='ltr'>prorumpente</span> <span class='ocrx_word' id='word_1_278' title='bbox 2336 3857 2427 3939; x_wconf 85' lang='grc' dir='ltr'>(Π</span> <span class='ocrx_word' id='word_1_279' title='bbox 2488 3860 2610 3922; x_wconf 88' lang='grc'>580</span> <span class='ocrx_word' id='word_1_280' title='bbox 2671 3855 2765 3937; x_wconf 88' lang='lat' dir='ltr'>ff).</span> 
     </span>
     <span class='ocr_line' id='line_1_35' title="bbox 583 3962 2760 4048; baseline -0.004 -18"><span class='ocrx_word' id='word_1_281' title='bbox 583 3962 723 4031; x_wconf 88' lang='lat' dir='ltr'>Hoc</span> <span class='ocrx_word' id='word_1_282' title='bbox 776 3963 1129 4048; x_wconf 89' lang='lat' dir='ltr'>prodigium</span> <span class='ocrx_word' id='word_1_283' title='bbox 1174 3962 1403 4038; x_wconf 87' lang='lat' dir='ltr'>Silium¹</span> <span class='ocrx_word' id='word_1_284' title='bbox 1448 3962 1842 4025; x_wconf 90' lang='lat' dir='ltr'>transtulisse</span> <span class='ocrx_word' id='word_1_285' title='bbox 1896 3962 1962 4023; x_wconf 92' lang='lat' dir='ltr'>in</span> <span class='ocrx_word' id='word_1_286' title='bbox 2013 3983 2192 4024; x_wconf 91' lang='lat' dir='ltr'>suum</span> <span class='ocrx_word' id='word_1_287' title='bbox 2237 3980 2505 4042; x_wconf 88' lang='lat' dir='ltr'>carmen,</span> <span class='ocrx_word' id='word_1_288' title='bbox 2562 3981 2644 4022; x_wconf 89' lang='lat' dir='ltr'>ex</span> <span class='ocrx_word' id='word_1_289' title='bbox 2686 3979 2760 4034; x_wconf 89' lang='lat' dir='ltr'>eo</span> 
     </span>
     <span class='ocr_line' id='line_1_36' title="bbox 584 4059 2763 4146; baseline -0.001 -23"><span class='ocrx_word' id='word_1_290' title='bbox 584 4060 882 4126; x_wconf 90' lang='lat' dir='ltr'>Aeneidis</span> <span class='ocrx_word' id='word_1_291' title='bbox 909 4063 1062 4145; x_wconf 92' lang='lat' dir='ltr'>loco,</span> <span class='ocrx_word' id='word_1_292' title='bbox 1091 4063 1201 4126; x_wconf 91' lang='lat' dir='ltr'>ubi</span> <span class='ocrx_word' id='word_1_293' title='bbox 1231 4084 1265 4126; x_wconf 92' lang='lat' dir='ltr'>e</span> <span class='ocrx_word' id='word_1_294' title='bbox 1291 4062 1532 4126; x_wconf 91' lang='lat' dir='ltr'>tumulo</span> <span class='ocrx_word' id='word_1_295' title='bbox 1559 4061 1879 4125; x_wconf 90' lang='lat' dir='ltr'>Anchisae</span> <span class='ocrx_word' id='word_1_296' title='bbox 1910 4061 2133 4144; x_wconf 90' lang='lat' dir='ltr'>anguis</span> <span class='ocrx_word' id='word_1_297' title='bbox 2162 4081 2495 4146; x_wconf 88' lang='lat' dir='ltr'>prorepere</span> <span class='ocrx_word' id='word_1_298' title='bbox 2522 4059 2763 4139; x_wconf 91' lang='lat' dir='ltr'>dicitur,</span> 
     </span>
     <span class='ocr_line' id='line_1_37' title="bbox 585 4149 2762 4246; baseline -0 -22"><span class='ocrx_word' id='word_1_299' title='bbox 585 4183 727 4225; x_wconf 92' lang='lat' dir='ltr'>cum</span> <span class='ocrx_word' id='word_1_300' title='bbox 768 4162 1020 4227; x_wconf 91' lang='lat' dir='ltr'>Aeneas</span> <span class='ocrx_word' id='word_1_301' title='bbox 1061 4162 1414 4227; x_wconf 88' lang='lat' dir='ltr'>sacrificans</span> <span class='ocrx_word' id='word_1_302' title='bbox 1467 4182 1685 4225; x_wconf 89' lang='lat' dir='ltr'>manes</span> <span class='ocrx_word' id='word_1_303' title='bbox 1728 4161 1923 4246; x_wconf 90' lang='lat' dir='ltr'>patris</span> <span class='ocrx_word' id='word_1_304' title='bbox 1966 4162 2271 4225; x_wconf 90' lang='lat' dir='ltr'>allocutus</span> <span class='ocrx_word' id='word_1_305' title='bbox 2316 4166 2495 4240; x_wconf 88' lang='lat' dir='ltr'>esset,</span> <span class='ocrx_word' id='word_1_306' title='bbox 2537 4149 2651 4244; x_wconf 85' lang='lat' dir='ltr'>per</span> <span class='ocrx_word' id='word_1_307' title='bbox 2693 4180 2762 4223; x_wconf 91' lang='lat' dir='ltr'>se</span> 
     </span>
     <span class='ocr_line' id='line_1_38' title="bbox 583 4259 2763 4355; baseline -0.004 -24"><span class='ocrx_word' id='word_1_308' title='bbox 583 4263 792 4355; x_wconf 89' lang='lat' dir='ltr'>ipsum</span> <span class='ocrx_word' id='word_1_309' title='bbox 846 4263 1248 4331; x_wconf 85' lang='lat' dir='ltr'>manifestum</span> <span class='ocrx_word' id='word_1_310' title='bbox 1311 4268 1405 4329; x_wconf 83' lang='lat' dir='ltr'>est</span> <span class='ocrx_word' id='word_1_311' title='bbox 1459 4260 1643 4343; x_wconf 90' lang='lat' dir='ltr'>(Aen.</span> <span class='ocrx_word' id='word_1_312' title='bbox 1698 4260 1779 4344; x_wconf 89' lang='lat' dir='ltr'>V,</span> <span class='ocrx_word' id='word_1_313' title='bbox 1838 4264 1918 4325; x_wconf 83' lang='lat'>84</span> <span class='ocrx_word' id='word_1_314' title='bbox 1980 4259 2084 4341; x_wconf 88' lang='lat' dir='ltr'>ff.).</span> <span class='ocrx_word' id='word_1_315' title='bbox 2180 4259 2415 4343; x_wconf 87' lang='lat' dir='ltr'>Verba,</span> <span class='ocrx_word' id='word_1_316' title='bbox 2471 4281 2634 4345; x_wconf 89' lang='lat' dir='ltr'>quae</span> <span class='ocrx_word' id='word_1_317' title='bbox 2697 4259 2763 4323; x_wconf 93' lang='lat' dir='ltr'>in</span> 
     </span>
    </p>
   </div>
  </div>
 </body>
</html>
