3264 4882
1402 323 1889 407 '-22—

764 529 886 601 Qui
935 528 1273 592 secundum
1329 530 1534 591 locum
1578 533 1768 607 tenet,
1811 528 2077 611 primum
2136 535 2388 612 superat
2429 529 2609 609 (Aen.
2659 532 2772 592 167

606 664 682 674 —
726 627 831 690 Sil.
878 626 1028 706 395)
1072 634 1134 705 et
1175 628 1494 691 victoriam
1539 632 1820 710 reportat
1860 626 2042 706 (Aen.
2086 629 2199 689 241
2248 666 2327 675 ——
2370 628 2476 692 Sil.
2521 628 2682 708 441).

659 751 664 755 ·
764 727 1062 808 Primum,
1116 728 1223 809 qui
1277 728 1404 790 iam
1462 749 1500 790 a
1551 727 1821 791 secundo
1880 734 2208 812 superatus
2265 734 2377 808 est,
2432 729 2484 791 is
2527 750 2773 813 quoque

597 826 965 910 assequitur,
1039 827 1145 910 qui
1211 825 1291 888 ad
1362 826 1425 888 id
1513 832 1762 912 tempus
1833 827 2013 890 tertio
2078 827 2140 890 in
2215 829 2348 891 loco
2421 836 2775 892 cucurrerat

599 925 782 1000 (Aen.
825 927 946 989 223
991 965 1069 973 -
1115 925 1222 988 Sil.
1265 927 1428 1003 418).
1526 988 1529 991 .

765 1026 907 1101 Qua
949 1047 1016 1089 re
1061 1026 1142 1089 ad
1187 1047 1359 1110 spem
1390 1026 1687 1089 victoriae
1718 1025 2023 1090 adductus
2058 1028 2279 1090 tertius
2322 1034 2496 1093 tanto
2538 1030 2774 1112 impetu

598 1125 813 1207 fertur,
856 1132 928 1189 ut
969 1147 1171 1211 paene
1226 1126 1401 1188 illum
1455 1132 1725 1210 superet,
1791 1126 1897 1208 qui
1951 1126 2123 1189 initio
2179 1127 2516 1191 secundum
2572 1129 2774 1191 locum

600 1225 868 1289 obtinuit
912 1231 974 1289 et
1017 1231 1235 1311 postea
1279 1225 1476 1288 victor
1518 1223 1779 1287 discedit
1820 1223 2002 1303 (Aen.
2047 1228 2167 1289 225
2214 1261 2288 1270 —
2330 1227 2440 1290 Sil.
2483 1226 2645 1306 421).

760 1326 864 1407 Iis,
895 1327 1002 1410 qui
1045 1327 1466 1389 calamitatem
1509 1326 1572 1387 in
1618 1325 1911 1389 certando
1956 1334 2342 1411 acceperant,
2387 1349 2502 1412 par
2544 1328 2772 1392 donum

597 1424 798 1506 datur,
862 1425 1027 1510 apud
1085 1425 1275 1505 Verg.
1341 1446 1540 1505 serva,
1606 1424 1774 1511 apud
1838 1425 1944 1489 Sil.
2009 1407 2253 1490 servus‘
2278 1425 2457 1505 (Aen.
2514 1430 2635 1492 282
2691 1466 2771 1475 -

599 1524 704 1588 Sil.
749 1523 912 1603 453).
2550 1532 2556 1538 ’
2748 1557 2792 1611 s,

759 1624 980 1687 Finem
1011 1624 1173 1687 ludis
1216 1625 1472 1705 faciunt,
1521 1625 1629 1709 qui
1659 1624 1955 1689 societate
2002 1647 2114 1689 sua
2146 1627 2418 1707 solemne
2462 1634 2775 1691 certamen

595 1725 830 1789 maiore
873 1724 1106 1789 honore
1163 1744 1394 1806 augere
1436 1722 1744 1805 videntur,
1800 1725 1865 1788 in
1907 1725 2158 1789 Punicis
2201 1726 2286 1794 L..
2315 1726 2537 1811 Scipio,
2580 1727 2773 1790 frater

585 1826 1008 1911 imperatoris,
1074 1831 1137 1888 et
1201 1824 1455 1888 Laelius
1516 1823 1707 1905 (576),
1770 1825 1834 1887 in
1896 1823 2178 1888 Aeneide
2249 1825 2451 1907 Julus,
2515 1826 2772 1890 Aeneae

595 1927 782 2007 filius,
826 1925 1129 2010 puerique
1174 1925 1470 2009 aequales
1512 1923 1705 2007 (545).

760 2024 1003 2088 Deinde
1048 2026 1099 2086 si
1154 2045 1367 2088 omnes
1411 2025 1473 2086 in
1527 2023 1817 2087 ludorum
1874 2022 2282 2105 descriptione
2342 2025 2773 2090 similitudines

597 2127 662 2188 in
706 2126 983 2188 animum
1024 2145 1265 2203 revoco,
1310 2145 1432 2187 non
1478 2144 1626 2185 casu
1671 2123 1905 2185 factum
1950 2143 2083 2185 esse
2140 2122 2406 2203 credam,
2461 2130 2531 2187 ut
2585 2124 2774 2188 Silius

598 2225 948 2307 prodigium
1007 2223 1393 2287 certantibus
1449 2222 1677 2285 obiciat
1729 2220 1912 2301 (XVI
1969 2221 2134 2301 587),
2191 2222 2300 2286 sed
2352 2223 2471 2285 hac
2526 2245 2772 2307 quoque

596 2326 658 2387 in
702 2345 772 2387 re
813 2322 1165 2405 Vergilium
1210 2321 1361 2385 Silio
1407 2321 1696 2405 exemplo
1740 2320 1951 2400 fuisse,
2004 2321 2120 2384 etsi
2161 2321 2331 2383 locus
2371 2321 2775 2404 Vergilianus

597 2424 682 2505 (V
728 2422 872 2503 522)
916 2421 1086 2486 aliud
1130 2443 1311 2486 omen
1356 2420 1612 2485 exhibet
1656 2441 1729 2485 ac
1773 2419 2043 2484 Silianus
2087 2459 2167 2467 -
2213 2420 2559 2499 exardescit
2609 2421 2773 2485 enim

599 2525 830 2606 sagitta
885 2523 966 2586 ab
1024 2522 1254 2585 Aceste
1310 2521 1497 2584 missa
1555 2549 1651 2584 ·-—.
1734 2520 2195 2603 Argumentum
2251 2523 2450 2606 ipsum
2507 2521 2774 2606 prodigii

598 2624 880 2703 fortasse,
937 2627 1008 2684 ut
1050 2621 1376 2684 Ernestius
1432 2619 1538 2698 ait,
1596 2642 1677 2684 ex
1731 2620 1990 2684 historia
2045 2621 2298 2684 Romuli
2351 2622 2545 2703 petiit,
2598 2622 2774 2684 cuius

597 2722 781 2785 hasta
834 2722 900 2784 in
956 2722 1314 2786 Palatinum
1370 2728 1644 2784 montem
1703 2720 1982 2783 coniecta
2045 2721 2109 2783 in
2163 2742 2456 2803 magnam
2519 2742 2773 2797 cornum

597 2823 873 2885 excrevit
914 2821 1118 2902 (Ovid.
1159 2827 1304 2885 met.
1346 2819 1473 2883 XV
1518 2817 1681 2898 560).
2159 2809 2167 2819 ’

761 2921 1050 3006 Denique
1106 2921 1222 2985 hoc
1277 2920 1411 2983 loco
1464 2940 1586 2982 non
1643 2918 1846 2982 nullos
1904 2919 2040 2981 Silii
2097 2940 2312 2983 versus
2368 2940 2448 2982 ex
2490 2918 2773 2984 Aeneide

596 3042 925 3105 expressos
966 3019 1298 3099 adnotabo,
1343 3018 1451 3103 qui
1493 3018 1577 3081 in
1601 3019 1825 3082 ceteris
1871 3019 2312 3082 certaminibus
2362 3020 2546 3101 longe
2593 3019 2775 3081 aliter

596 3120 908 3205 dispositis
950 3120 1128 3183 nobis
1171 3124 1530 3182 occurrunt:

697 3252 747 3314 1)
784 3253 918 3306 Aen.
957 3254 1005 3304 V
1042 3250 1166 3304 170:
1200 3252 1362 3304 Radit
1397 3252 1533 3303 inter
1567 3253 1777 3315 >laevu
1792 3270 1844 3302 m
1892 3253 2035 3304 inte
2051 3253 2106 3302 ri
2122 3269 2151 3303 0
2168 3270 2193 3302 1·

782 3336 872 3387 Sil.
893 3336 1024 3387 XVI
1037 3333 1163 3387 3621
1200 3334 1302 3386 Sed
1349 3336 1368 3385 l
1383 3351 1415 3386 a
1429 3350 1456 3386 e
1472 3351 1504 3385 v
1520 3350 1550 3385 o
1599 3335 1666 3385 in
1681 3338 1703 3385 t
1717 3352 1745 3387 e
1760 3335 1862 3385 rio
1877 3351 1903 3385 r
1938 3334 2228 3402 stringebat
2262 3337 2469 3388 tramite
2505 3340 2699 3387 metam

694 3417 747 3480 2)
782 3419 913 3471 Αο11.
980 3415 1104 3469 3071
1371 3419 1860 3484 caelatamque
1903 3421 2198 3485 argento
2233 3420 2367 3471 ferre
2401 3420 2770 3486 bipennem

843 3541 855 3546 -
1091 3525 1106 3539 ·
1212 3498 1542 3551 Omnibus
1586 3500 1675 3550 hic
1710 3501 1808 3552 erit
1842 3517 1978 3552 unus
2011 3502 2194 3552 honos.

787 3584 876 3637 Sil.
928 3581 1052 3634 446:
1200 3583 1307 3634 Par
1349 3584 1545 3634 donum
1579 3583 1747 3634 solido
1783 3587 2078 3652 argento
2131 3585 2409 3636 caelata
2444 3584 2771 3652 bipennis

1211 3664 1540 3716 Omnibus

693 3748 746 3811 3)
782 3749 916 3802 Aen.
975 3746 1100 3801 291:
1201 3749 1319 3813 Hic,
1357 3749 1447 3816 qui
1482 3749 1617 3801 forte
1653 3750 1819 3802 velint
1853 3750 2037 3818 rapido
2072 3750 2387 3802 contendere
2422 3767 2590 3814 cursu,

1203 3833 1400 3883 Invitat
1435 3832 1617 3898 pretiis
1653 3834 1872 3894 animos,
1910 3835 1961 3884 et
1995 3833 2234 3899 praemia
2268 3834 2430 3899 ponit.

784 3915 874 3966 Sil.
931 3912 1058 3966 458:
1200 3914 1298 3966 His
1333 3915 1465 3965 actis
1499 3914 1688 3966 ductor
1723 3916 1863 3967 laeta
1898 3916 1965 3966 ad
2001 3916 2293 3967 certamina
2327 3918 2538 3983 plantae

1200 3997 1397 4048 Invitat
1432 3997 1721 4064 positisque
1754 3999 1994 4050 accendit
2028 4003 2244 4065 pectora
2279 3998 2441 4051 donis,

693 4076 747 4139 4)
783 4080 916 4130 Aen.
977 4075 1098 4129 1371
1201 4079 1397 4130 Intenti
1414 4082 1699 4145 expectant
1717 4079 1941 4147 signum,
1976 4082 2416 4132 exsultantia
2436 4097 2559 4146 que
2593 4082 2770 4132 haurit

1203 4162 1408 4215 Corda
1433 4179 1600 4230 pavor
1623 4165 1913 4230 pulsans
1945 4164 2268 4231 laudumque
2299 4167 2552 4216 arrecta
2576 4165 2768 4231 cupido

784 4245 874 4297 Sil.
922 4242 1045 4297 479:
1198 4247 1300 4306 Qui
1333 4250 1615 4314 postquam
1651 4247 1914 4299 arrecti
1948 4248 2145 4315 plantis
2180 4252 2232 4299 et
2266 4250 2479 4314 pectora
2514 4248 2666 4314 proni
