3264 4882
1686 1239 1773 1326 C.

801 1466 940 1531 Iam
982 1487 1124 1530 cum
1166 1465 1245 1530 de
1288 1465 1423 1530 Silii
1467 1466 1813 1530 elocutione
1850 1465 2042 1549 verba
2085 1465 2306 1529 facere
2333 1465 2579 1529 1111111111
2610 1441 2817 1530 animo

637 1568 732 1647 sit,
794 1588 917 1630 non
979 1566 1134 1629 illud
1200 1566 1353 1629 mihi
1419 1566 1808 1651 propositum
1872 1571 1984 1645 est,
2053 1571 2124 1628 ut
2185 1565 2264 1629 de
2336 1567 2503 1630 omni
2573 1566 2818 1631 dicendi

636 1687 868 1751 genere
902 1665 1225 1751 disputem
1278 1672 1405 1744 aut,
1460 1686 1622 1749 quae
1680 1665 2025 1729 intercedat
2078 1666 2241 1728 inter
2295 1664 2516 1729 Silium
2560 1672 2623 1730 et
2665 1667 2820 1730 alios
2916 1727 2920 1731 .

635 1773 855 1852 poetas
912 1766 1122 1851 epicos
1179 1765 1550 1846 differentia,
1608 1786 1942 1850 exponam,
2007 1765 2127 1829 sed'
2177 1765 2267 1828 ita
2330 1786 2539 1848 agam,
2602 1772 2691 1846 ut,
2755 1766 2819 1829 in

637 1867 872 1931 Siliana
916 1867 1263 1930 elocutione
1306 1866 1711 1948 Vergilianas
1760 1865 2171 1950 proprietates
2228 1865 2575 1950 exquiram.
2656 1865 2741 1928 Et
2782 1887 2818 1930 e

637 1968 1002 2052 quaestione
1045 1967 1130 2030 sic
1173 1966 1459 2029 instituta
1501 1965 1773 2040 fructum
1817 1965 1958 2050 capi
2000 1986 2183 2049 posse
2235 1964 2436 2045 cred0,
2478 1965 2531 2029 si
2574 1965 2714 2046 quis
2755 1965 2820 2027 in

638 2066 994 2130 universum
1038 2066 1117 2130 de
1161 2065 1295 2129 Silii
1339 2065 1689 2129 elocutione
1732 2063 2037 2128 disserere
2079 2064 2251 2146 velit,
2312 2085 2455 2127 cum
2512 2064 2590 2128 de
2634 2086 2711 2128 ea
2752 2085 2821 2128 rc

639 2166 850 2229 nullae
894 2166 1100 2229 adhuc
1156 2171 1406 2229 exstent
1448 2165 1865 2249 quaestiones,
1920 2163 2030 2228 sed
2084 2186 2287 2250 pauca
2340 2164 2523 2228 modo
2577 2165 2823 2244 iudicia,

639 2267 866 2350 quibus
924 2266 1124 2329 obiter
1180 2271 1290 2328 aut
1330 2264 1626 2328 laudatur
1682 2271 1792 2328 aut
1845 2264 2241 2349 vituperatur
2262 2263 2325 2343 1).
2407 2264 2531 2327 Per
2575 2265 2821 2349 singula
2879 2332 2883 2337 ,

640 2373 848 2452 autem
880 2387 1061 2430 nemo
1093 2372 1203 2448 est,
1250 2366 1356 2448 qui
1387 2365 1522 2428 Silii
1560 2365 1807 2429 dicendi
1836 2386 2036 2449 genus
2070 2364 2543 2451 perlustraverit
2571 2370 2823 2450 praeter

640 2467 1028 2549 Cholevium,
1086 2466 1192 2551 qui
1247 2466 1325 2530 de
1392 2466 1685 2551 epithetis
1748 2466 2111 2529 ornantibus
2166 2464 2301 2529 Silii
2365 2465 2676 2530 disserens
2739 2487 2821 2530 ex

637 2574 817 2652 parte
861 2566 1222 2630 elocutionis
1264 2567 1571 2630 rationem
1613 2566 1923 2630 tractavit.

620 2744 633 2756 ο
676 2736 682 2741 ,
803 2665 1044 2745 Silium,
1108 2666 1266 2729 sicut
1323 2665 1612 2747 diximus,
1671 2666 1736 2729 in·
1788 2666 2171 2749 Vergilianis
2228 2666 2448 2730 studiis
2502 2672 2818 2731 versatum

637 2767 869 2850 ubique
911 2766 1177 2846 Vergilii
1219 2765 1466 2829 dicendi
1509 2787 1708 2846 genus
1751 2788 1933 2830 suum
1977 2767 2199 2831 fecisse
2240 2768 2379 2832 luce
2438 2768 2665 2831 clarius
2709 2772 2821 2854 est.
2877 2804 2881 2808 -

635 2867 860 2949 Itaque
925 2888 1168 2929 summa
1231 2888 1465 2948 eorum,
1528 2888 1691 2952 quae
1747 2867 1864 2931 viri
1925 2866 2263 2931 doctissimi
2291 2931 2294 2934 ,
2318 2866 2395 2931 de
2450 2868 2822 2951 Vergiliana

639 2967 984 3030 elocutione
1049 2966 1489 3049 disseruerunt,
1560 2988 1642 3030 ex
1705 2974 1886 3052 parte
1944 2968 2135 3031 etiam
2191 2967 2271 3031 ad
2327 2966 2549 3031 Silium
2599 2966 2821 3031 referri
2905 2959 2910 2964 ’

546 3129 563 3144 ,
637 3069 857 3150 potest.
926 3065 1091 3129 Nam
1136 3067 1188 3128 si
1229 3073 1595 3151 reputamus
1640 3066 1861 3131 Silium
1904 3068 2154 3131 omnino
2196 3067 2411 3131 nativa
2455 3073 2518 3131 et
2548 3066 2821 3146 genuina

639 3167 941 3230 facultate
984 3166 1230 3230 dicendi
1275 3167 1567 3249 caruisse,
1625 3176 1890 3254 apparet
1944 3189 2088 3232 eum
2142 3168 2207 3230 in
2250 3166 2528 3230 oratione
2570 3187 2819 3251 quoque

639 3267 882 3352 poetica
911 3266 992 3330 ad
1021 3267 1290 3350 Vergilii
1325 3264 1705 3354 exemplum,
1737 3290 1923 3353 quem
1953 3268 2227 3331 omnium
2255 3267 2529 3330 maxime
2560 3266 2822 3345 colebat,

640 3388 706 3430 se
749 3366 1071 3431 direxisse.
1153 3368 1476 3452 Vergilius
1521 3375 1754 3450 autem,
1813 3370 1970 3432 sicut
2022 3368 2102 3431 ab
2157 3368 2295 3431 aliis
2352 3389 2541 3453 saepe
2586 3366 2820 3429 dictum

640 3475 733 3532 est
754 3467 820 3550 2),
879 3474 950 3532 ut
1005 3469 1323 3552 ingenium
1381 3470 1514 3534 eius
1573 3470 1640 3533 in
1682 3420 1985 3534 novandis
2029 3468 2345 3532 vocabulis
2388 3479 2512 3532 non
2554 3468 2819 3531 multum

805 3708 845 3772 1)
879 3710 1127 3762 Laudant
1159 3711 1244 3763 hi:

802 3793 1038 3857 Vossius,
1072 3793 1153 3845 De
1186 3792 1449 3844 historicis
1476 3792 1663 3845 ¹latinis
1696 3793 1723 3844 I
1757 3790 1820 3843 31

804 3875 1033 3939 Orusius,
1067 3875 1167 3927 De
1182 3876 1350 3943 poetis
1384 3876 1638 3928 Romanis
1671 3876 1699 3926 Ι
1733 3892 1785 3943 p.
1817 3872 1899 3927 29.

804 3957 1149 4022 Cortuemius,
1186 3958 1531 4019 Quaestiones
1564 3959 1848 4011 historicae
1882 3976 1935 4056 p.
1969 3956 2065 4010 241

802 4041 1073 4093 Ernestius
1107 4044 1160 4093 et
1193 4041 1495 4108 Rupertius.

801 4128 844 4193 ²)
889 4131 1338 4196 Braumuelleriis,
1415 4133 1495 4184 De
1551 4133 1717 4200 tropis
1786 4137 1838 4186 et
1904 4132 2085 4200 figuris
2153 4133 2207 4183 in
2274 4132 2500 4201 Vergilii
2566 4130 2817 4183 Aeneide.

637 4213 743 4264 Bel
744 4214 872 4265 011111
906 4211 1052 4268 1877.

801 4296 1153 4365 Ladewigius,
1187 4297 1267 4349 De
1301 4297 1538 4365 Vergilio
1573 4298 1854 4350 verborum
1889 4261 2155 4352 novatore
2222 4298 2539 4351 Neustrelitz
2573 4294 2719 4350 1869.
